2400 3848
344 269 347 275 ·
410 251 448 289 IV.
467 249 631 290 Passurus.
651 250 671 289 1.
684 249 701 289 2.
968 254 1003 309 21

103 398 185 464 filiae
209 400 276 464 eius
290 399 417 484 publice
433 399 594 465 alerentur
618 405 650 465 at
673 399 712 463 dc
732 400 894 463 communi
916 420 1005 463 aera-

104 503 149 566 rio
174 502 301 566 dotibus
331 503 413 566 datis
436 503 677 568 collocarentur.
722 503 870 566 Decessit
899 508 1006 566 autem

104 605 169 668 lere
206 610 280 689 post
316 626 434 669 annum
467 612 614 691 quartum
647 627 743 690 quam
774 605 1006 669 Themistocles

105 706 239 772 Athenis
259 714 327 774 erat
350 711 511 794 expulsus.

523 932 581 997 IV.

407 1073 699 1148 PAUSANIAS.

168 1231 195 1294 Ι.
226 1227 448 1292 Pausanias
483 1225 834 1292 Lacedaemonius
871 1250 1036 1313 magnus1

104 1334 212 1415 homo,
235 1331 292 1395 sed
305 1331 411 1394 varius
433 1330 466 1393 in
489 1330 576 1393 omni
591 1349 709 1412 genere
725 1331 810 1394 vitae
833 1331 908 1395 fuit:
931 1354 1005 1396 nam

103 1442 138 1501 ut
158 1434 326 1501 virtutibus
350 1433 460 1516 eluxit,
483 1433 528 1496 sic
549 1433 633 1496 vitiis
656 1438 705 1496 est
729 1432 868 1498 obrutus.
900 1434 1006 1499 Huius
1027 1459 1039 1497 2

102 1538 347 1603 illustrissimum
370 1543 418 1601 est
440 1534 599 1620 proelium
614 1537 699 1621 apud
714 1537 872 1602 Plataeas.
905 1539 1004 1602 Nam-

48 1629 49 1632 *
103 1665 163 1728 quc
186 1644 241 1707 illo
259 1641 338 1706 duce
355 1640 551 1724 Mardonius,
574 1645 716 1724 satrapes
731 1642 848 1724 regius,
874 1644 1004 1707 natione

101 1746 226 1827 Medus,
248 1745 334 1827 regis
356 1764 465 1826 gener,
489 1745 522 1806 in
544 1744 654 1828 primis
677 1745 819 1807 omnium
834 1743 1005 1808 Persarum

103 1855 135 1913 et
164 1851 260 1911 manu
288 1845 379 1909 fortis
403 1852 435 1910 et
458 1847 581 1909 consilii
603 1846 733 1930 plenus,
766 1868 838 1910 cum
861 1847 1005 1911 ducentis

102 1950 229 2012 milibus
247 1947 408 2032 peditum,
433 1968 511 2031 quos
532 1949 651 2012 uiritim
673 1949 815 2032 legerat,
838 1955 871 2012 ct
892 1950 1006 2032 viginti

103 2051 244 2136 equitum
265 2049 352 2113 haud
378 2050 422 2112 ita
444 2069 569 2131 magna.
582 2033 680 2114 manu
703 2049 856 2116 Graeciae
878 2052 1005 2134 fugatus

102 2160 150 2219 est
173 2174 275 2239 eoque
299 2153 366 2237 ipse
390 2153 457 2216 dux
479 2153 594 2217 cecidit
615 2155 749 2238 proelio.
789 2154 860 2229 Qua
872 2156 1006 2219 victoria
1027 2184 1038 2222 a

101 2259 203 2324 elatus
219 2255 370 2343 plurima
390 2256 525 2321 miccere
549 2258 666 2342 coepit·
684 2263 717 2324 et
746 2257 868 2322 maiora
888 2278 1004 2322 concu-

100 2363 232 2447 piscere.
272 2359 337 2425 Sed
352 2360 539 2445 primum‘in
554 2380 593 2426 eo
606 2366 659 2425 est
673 2361 895 2446 reprehensus,
928 2381 1007 2425 cum>

101 2487 143 2530 ex
172 2464 294 2551 pracda
323 2463 648 2548 tripodem.·aurcum
679 2464 815 2549 Delphis
844 2465 1005 2549 posuisset

101 2570 330 2653 epigrammate
353 2567 525 2651 inscripta.
540 2567 574 2630 in
596 2588 658 2652 quo
680 2568 760 2632 haec
784 2573 852 2632 erat
874 2573 1002 2633 senten-

100 2673 160 2735 tia:
190 2691 246 2735 suo
277 2669 375 2733 <luctu
395 2669 547 2733 barbaros
575 2671 661 2756 apud
682 2671 829 2736 Plataeas
853 2693 922 2737 esse
947 2669 1002 2737 ‹lc-

100 2777 182 2839 letos
205 2776 335 2858 eiusque
356 2773 509 2838 uictoriae
533 2776 613 2857 erga
634 2773 777 2858 Apollini
802 2774 923 2838 donum
946 2774 1003 2839 de·'

102 2877 195 2941 disse.
239 2876 310 2940 Hos
340 2897 450 2940 uersus
480 2876 742 2942 Lacedaemonii¹
761 2880 1003 2963 exsculpserunt
1024 2912 1035 2949 ⁴

100 3000 205 3065 neque
228 2977 315 3042 aliud
337 2979 529 3062 scripserunt
556 3000 652 3063 quam
673 2981 804 3044 nomina
826 3002 936 3045 aarum
958 2981 1002 3044 oi··

101 3085 243 3165 vitatum,
266 3103 400 3167 quarum
423 3082 541 3146 auxilio
554 3083 683 3149 ‘Persae
707 3089 796 3147 crant
818 3084 900 3148 victi.

165 3187 208 3252 11:
238 3186 317 3249 Post
339 3185 372 3248 id
388 3185 546 3269 proelium
563 3187 703 3250 eundem
716 3186 907 3249 Pausaniam
929 3206 1002 3250 cum
1024 3221 1034 3258 1

101 3293 200 3356 classe
224 3289 384 3354 communi
401 3287 542 3374 Cyprum
562 3296 656 3374 atque
672 3289 920 3373 Hellespontum
941 3289 1000 3351 mi·

100 3399 225 3476 seruant,
255 3397 291 3456 ut
320 3411 362 3455 ex
389 3390 438 3453 hia
467 3391 651 3474 regionibus
679 3391 886 3456 barbarorum
907 3412 999 3475 prae-
