2400 3848
402 235 448 274 XV.
468 233 685 274 EPAMINONDAS.
705 233 724 272 6.
979 236 1015 292 79

112 384 195 467 dam,
217 383 362 448 indidem
379 382 508 465 Thebis,
532 385 566 446 et
588 381 806 445 adversarium
827 381 861 444 in
884 378 1018 443 admini-

111 488 241 554 stranda
261 510 296 552 re
319 487 460 572 publica,
484 486 559 550 satis
583 485 794 550 exercitatum
815 485 849 546 in
872 482 1019 565 dicendo,

112 597 147 654 ut
177 591 365 655 Thebanum
395 589 533 654 scilicet:
571 609 710 672 namque
743 588 790 651 illi
821 587 912 671 genti
947 587 1019 671 plus

111 696 196 758 inest
218 695 331 758 virium
354 714 450 778 quam
470 692 600 775 ingenii.
645 692 688 774 Is,
712 689 800 775 quod
821 691 855 753 in
876 711 912 754 re
935 689 1052 752 mili-³

111 797 173 859 tari
187 797 302 859 florere
317 794 573 882 Epaminondam
595 793 736 875 videbat,
758 793 880 856 hortari
894 792 1020 856 solebat

112 900 298 982 Thebanos,
321 905 357 963 ut
378 920 492 984 pacem
514 898 600 962 bello
625 897 835 977 anteferrent,
864 916 905 960 ne
933 895 1018 959 illius

110 1002 312 1086 imperatoris
334 1022 433 1086 opera
455 1000 700 1065 desideraretur.
732 1000 818 1063 Huic
838 1000 893 1062 ille
917 995 1019 1081 ,fallis‘

110 1104 214 1189 inquit
245 1104 354 1187 ,verbo
377 1105 463 1168 cives
486 1109 575 1187 tuos,
605 1104 692 1188 quod
715 1125 771 1168 eos
793 1123 813 1167 a
834 1104 920 1167 bello
941 1123 1017 1166 avo·

112 1227 181 1270 cas:
207 1207 263 1270 otii
286 1207 371 1270 enim
386 1208 516 1271 nomine
531 1208 720 1295 servitutem
743 1208 902 1272 concilias.
934 1208 1048 1271 Nam4

110 1311 233 1394 paritur
254 1331 320 1394 pax
340 1310 437 1375 bello.
482 1311 596 1396 Itaque
626 1313 679 1396 qui
702 1333 742 1376 ca
764 1312 886 1378 diutina
907 1315 1019 1377 volunt

110 1415 184 1497 frui,
206 1415 293 1479 bello
310 1415 479 1480 exercitati
503 1437 572 1480 csse
590 1416 718 1481 debent.
755 1415 859 1490 Quare
883 1418 909 1480 si
931 1418 1018 1501 prin·

111 1520 198 1603 cipes
216 1517 371 1582 Graeciae
395 1518 490 1581 vultis
514 1539 594 1601 esse,
618 1519 727 1582 castris
751 1524 799 1582 cst
812 1518 904 1583 vobis
926 1525 1018 1582 uten-

113 1621 199 1704 dum,
223 1641 289 1685 non
310 1618 489 1705 palaestra‘.
534 1621 628 1685 Idem
649 1623 704 1685 ille
726 1621 923 1686 Meneclides
947 1639 1046 1686 cumo

111 1727 186 1790 huic
204 1726 346 1790 obiceret
360 1726 573 1809 insolentiam,
596 1725 683 1811 quod
698 1725 758 1789 sibi
769 1724 1019 1807 Agamemndnis

30 1913 33 1919 Ι
112 1832 190 1895 belli
211 1832 348 1915 gloriam
369 1831 533 1895 videretur
557 1836 756 1912 consecutus,
782 1830 890 1893 atille
923 1828 1046 1913 ,quodo

113 1930 176 1997 me‘
192 1932 294 2016 inquit
309 1931 600 2015 ‚Agamemnonem
610 1933 763 1996 aemulari
772 1937 874 2016 putas,
890 1932 1019 1995 falleris.

113 2036 260 2120 Namque
289 2037 343 2100 ille
376 2057 448 2099 cum
477 2037 627 2099 universa
656 2036 792 2100 Graecia
822 2037 878 2099 vix
907 2035 1018 2099 decem

113 2145 203 2206 annis
232 2165 328 2208 unam
357 2145 442 2227 cepit
468 2143 600 2223 urbem,
623 2164 685 2227 ego
711 2148 820 2207 contra
846 2163 910 2205 una
939 2143 1019 2206 urbe

113 2250 222 2308 nostra
238 2244 352 2329 dieque
372 2266 436 2309 uno
452 2251 554 2308 totam
572 2245 741 2310 Graeciam
756 2245 1019 2311 Lacedaemoniis

112 2350 230 2433 fugatis
253 2347 407 2414 liberavi‘.

177 2452 236 2516 VI.
265 2453 359 2516 Idem
373 2474 444 2515 cum
456 2454 489 2516 in
501 2461 693 2517 conventum
704 2455 845 2518 venisset
856 2452 1019 2519 Arcadum
1035 2469 1046 2506 1

112 2562 242 2641 petens,
271 2562 307 2618 ut
335 2556 523 2619 societatem
554 2577 625 2619 cum
647 2557 807 2621 Thebanis
837 2564 869 2621 et
891 2557 1020 2642 Argivis

113 2663 256 2725 facerent
301 2666 474 2744 contraque
515 2659 729 2743 Callistratus,
773 2661 1020 2726 Atheniensium

112 2767 249 2848 legatus,
273 2766 327 2849 qui
344 2765 527 2849 eloquentia
543 2784 654 2829 omnes
678 2786 716 2830 eo
740 2766 922 2850 praestabat
937 2770 1019 2829 tem·

114 2889 204 2952 pore,
227 2869 413 2950 postularet,
437 2874 472 2931 ut
494 2869 600 2952 potius
624 2869 796 2932 amicitiam
811 2874 1021 2953 sequerentur

114 2971 315 3050 Atticorum,
352 2976 384 3035 et
414 2972 447 3034 in
481 2973 625 3036 oratione
657 2994 715 3036 sua
744 2973 845 3036 multa
876 2973 1020 3034 invectus

115 3081 201 3139 esset
224 3075 257 3138 in
277 3075 448 3140 Thebanos
472 3081 505 3139 et
526 3075 667 3160 Argivos
690 3076 724 3139 in
747 3076 855 3158 cisque
877 3074 940 3137 hoc
961 3094 1020 3158 pc·

115 3181 239 3262 suisset,
257 3179 398 3242 animum
413 3178 581 3243 advertere
598 3178 718 3242 debere
733 3176 887 3258 Arcades,
911 3177 1021 3260 quales
1039 3191 1050 3228 2

115 3289 248 3368 utraque
279 3283 389 3347 civitas
419 3283 505 3346 cives
525 3286 743 3366 procreasset,
772 3301 814 3344 ex
843 3279 1019 3364 quibusda

115 3387 230 3450 ceteris
263 3391 396 3471 possent
429 3385 588 3449 iudicare:
624 3384 765 3466 Argivos
803 3384 889 3447 enim
924 3383 1020 3447 fuisse
