2400 3848
289 756 554 842 CORNELII
579 753 814 840 NEPOTIS

100 936 245 1012 LIBER
269 937 334 1009 DE
359 934 764 1008 EXOELLENTIBUS
788 930 1002 1008 DUOIBUS

259 1073 572 1148 EXTERARUM
600 1071 840 1146 GENTIUM.

502 1281 606 1290 ———-

413 1420 690 1480 PROLOGUS.

162 1529 249 1642 Non
272 1577 381 1642 dubito
404 1577 474 1642 fore
496 1578 683 1661 plerosque,
711 1575 836 1658 Attice,
865 1575 919 1660 qui
939 1575 1034 1652 hoel

101 1698 203 1762 genus
225 1681 398 1764 scripturae
420 1681 492 1746 leve
524 1686 557 1745 et
578 1701 642 1745 non
665 1680 740 1743 satis
764 1673 895 1763 dignum
917 1698 1002 1741 sum·

102 1801 227 1845 morum
248 1782 390 1847 virorum
411 1783 555 1866 personis
582 1782 739 1864 iudicent,
768 1803 840 1846 cum
866 1783 1002 1846 relatum

102 1881 221 1965 legent,
243 1884 313 1967 quis
332 1885 485 1948 musicam
501 1884 646 1948 docuerit
660 1884 926 1969 Epaminondam,
949 1889 1003 1947 eut

101 1983 135 2047 in
153 1985 222 2048 cius
235 1986 405 2050 virtutibus
420 1987 663 2052 commemorari
677 1988 808 2051 saltasse
825 2009 900 2052 cum
915 2007 1002 2050 ccm-

101 2087 198 2153 mcde
227 2090 426 2176 scienterque
454 2091 540 2155 tibiis
568 2096 721 2155 cantasse.
766 2090 831 2154 Sed
859 2091 882 2154 ii
910 2096 1035 2163 erunt2
1132 2071 1137 2083 ’

100 2190 186 2273 fere,
224 2193 278 2277 qui
309 2200 460 2278 expertes
490 2194 668 2258 litterarum
700 2193 895 2258 Graecarum
924 2194 1002 2257 nihil
1068 2233 1073 2246 =

101 2301 223 2360 rectum
258 2297 319 2361 nisi
357 2297 444 2382 qucd
479 2299 621 2382 ipsorum
657 2298 798 2362 moribus
836 2299 1003 2364 conveniet

100 2402 266 2483 putabunt.
310 2402 356 2467 Hi
385 2403 413 2466 si
435 2402 604 2467 didicerint
625 2423 691 2466 non
719 2400 835 2466 eadem
857 2401 1035 2482 omnibus³

101 2526 171 2568 esse
199 2505 336 2569 honesta
357 2511 452 2591 etque
475 2506 596 2590 turpia,
625 2505 684 2571 sed
713 2505 820 2568 omnic
846 2505 1002 2568 maiorum

100 2608 250 2673 institutis
264 2608 407 2692 iudicari,
430 2631 495 2673 non
510 2609 749 2674 admirabuntur
763 2630 822 2673 nos
839 2609 872 2672 in
889 2608 1002 2672 Graio·

101 2730 172 2772 rum
194 2711 363 2776 virtutibus
381 2712 581 2798 exponendis
602 2733 709 2777 mores
731 2733 843 2778 eorum
865 2717 1001 2776 secutos.

102 2811 215 2905 Neque
250 2816 335 2878 enim
367 2814 491 2879 Oimcni
523 2815 583 2880 fuit
611 2821 722 2898 turpe,
759 2815 1034 2894 Atheniensium4

102 2933 226 2977 summo
258 2914 347 2996 viro,
384 2934 529 2978 sororem
564 2914 684 2978 hebere
719 2915 753 2977 in
789 2913 1003 2994 matrimonio,

103 3017 222 3102 quippe
252 3038 323 3080 cum
356 3017 441 3082 cives
472 3017 540 3082 eius
572 3017 689 3082 ecdem
718 3024 885 3082 uterentur
913 3017 1003 3081 insti-

102 3126 182 3184 tute.
226 3119 273 3183 At
300 3119 334 3182 id
363 3120 494 3204 quidem
520 3121 638 3185 nostris
661 3121 804 3184 moribus
832 3121 922 3185 nefas
947 3121 1004 3183 ha·

102 3224 205 3288 betur.
246 3222 344 3287 Nulla
365 3223 609 3290 Lacedaemdne
632 3225 818 3290 viduatam
840 3231 890 3288 est
912 3224 1004 3288 nebi·
1038 3242 1040 3251 ’

101 3327 158 3408 lis,
187 3348 269 3411 quae
291 3348 357 3391 ncn
379 3327 421 3391 ad
450 3348 563 3393 cenam
585 3335 638 3392 eat
658 3327 808 3392 mercede
837 3327 1004 3392 conductu.

154 3428 274 3468 Cornelius
288 3429 370 3478 Nepos.
389 3429 430 3469 Ed.
443 3429 464 3469 8.
835 3433 849 3480 1
