2400 3848
382 227 429 268 xv.
448 226 662 268 nrsuruounss.
681 228 700 267 1.
713 227 733 269 a.
975 232 1010 288 75

106 395 176 438 sum
211 374 295 439 ferro
333 374 491 438 transfixit
526 375 676 458 priusque
715 396 809 459 quam
846 375 1012 459 quisquam

105 482 215 561 posset
246 498 448 560 succurrere,
478 478 648 542 interfecit.
691 477 743 541 Ita
774 478 828 542 ille
860 479 925 560 vir,
959 480 1013 564 qui

107 581 224 644 multos
248 582 390 662 consilio,
414 583 576 646 neminem
597 581 733 667 perfidia
753 586 892 666 ceperat,
916 583 1012 645 simu·

106 685 173 747 lata
195 688 304 768 captus
327 690 376 748 est
398 686 545 753 amicitia.

521 918 595 983 XV.

375 1057 741 1132 EPAMINONDAS.

172 1209 199 1273 Ι.
231 1209 548 1294 Epaminondas,
587 1211 848 1296 Polymnidis
885 1213 1048 1296 filius,1

108 1313 333 1376 Thebanus.
379 1311 430 1376 Dc
453 1312 516 1375 hcc
530 1313 715 1397 priusquam
736 1315 912 1397 scribimus,
934 1315 1014 1378 haec

108 1415 333 1500 praecipienda
348 1414 497 1478 videntur
512 1416 695 1498 lectoribus,
712 1437 754 1480 ne
771 1417 893 1480 alienos
908 1437 1015 1480 mores

109 1518 151 1582 ad
173 1540 248 1582 suos
263 1520 404 1583 referant
418 1541 501 1585 neve
525 1541 573 1602 ea,
595 1542 676 1605 quae
700 1523 775 1606 ipsis
797 1522 920 1586 leviora
933 1527 1014 1603 sunt,

109 1621 288 1706 parimodo
305 1622 391 1707 apud
407 1629 531 1687 ceteros
547 1624 643 1688 fuisse
659 1625 862 1688 arbitrentur.
893 1624 1016 1688 Scimus
1037 1658 1050 1698 9

110 1727 196 1789 enim
217 1727 360 1790 musicen
387 1728 503 1790 nostris
527 1728 668 1791 moribus
690 1729 802 1793 abesse
825 1749 845 1791 a
866 1729 1016 1813 principis

109 1850 264 1913 persona,
288 1830 404 1893 saltare
426 1851 503 1894 vero
529 1831 626 1894 etiam
647 1831 680 1893 in
703 1831 787 1894 vitiis
808 1831 901 1914 poni:
935 1851 1015 1915 quae
1053 1866 1054 1871 κ

111 1931 218 1993 omnia
248 1930 334 2014 apud
366 1931 508 1995 Graecos
539 1939 572 1996 et
603 1939 694 2015 grata
724 1939 758 1997 et
791 1932 886 1997 laude
921 1932 1016 2017 digna

112 2032 279 2095 ducuntur.
319 2033 400 2096 Cum
416 2041 524 2097 autem
538 2035 719 2119 exprimere
743 2036 916 2117 imaginem
939 2057 1015 2099 ccn-
1038 2070 1049 2108 ³

111 2134 288 2198 suetudinis
304 2141 398 2219 atque
414 2136 499 2199 vitae
517 2137 651 2200 velimus
666 2137 919 2221 Epaminondae,
939 2139 1016 2202 nihil

111 2240 257 2303 videmur
286 2238 405 2303 debere
437 2239 709 2323 praetermittere,
741 2238 828 2324 quod
857 2242 1017 2324 pertiueat

110 2343 152 2405 ad
183 2365 255 2407 eam
286 2342 521 2407 declarandam.
567 2342 672 2415 Quare
706 2341 847 2406 dicemus
878 2345 1048 2428 primumi

111 2446 150 2509 de
181 2466 299 2529 genere
324 2447 408 2528 eius,
442 2445 558 2510 deinde
587 2447 701 2531 quibus
731 2447 905 2532 disciplinis
936 2454 969 2511 et
998 2470 1017 2511 a

110 2550 222 2633 quibus
254 2551 294 2612 sit
317 2548 475 2630 eruditus,
506 2554 575 2611 tum
599 2549 638 2612 de
668 2548 809 2613 moribus
831 2550 1014 2635 ingeniique

109 2653 311 2716 facultatibus
334 2658 368 2716 et
397 2653 423 2715 si
446 2674 508 2737 qua
530 2654 593 2715 alia
615 2653 770 2716 memoria
793 2653 890 2738 digna
912 2660 1015 2736 erunt,

110 2764 272 2840 postremo
296 2755 336 2819 de
359 2757 454 2819 rebus
472 2756 581 2839 gestis,
605 2777 686 2840 quae
710 2777 729 2819 a
750 2756 894 2840 plurimis
918 2757 1015 2819 animi

110 2864 346 2943 anteponuntur
368 2860 546 2922 virtutibus.

174 2961 217 3024 Π.
246 2962 348 3026 Natus
371 2962 468 3044 igitur
490 2967 598 3045 patre,
631 2981 693 3045 quc
718 2960 871 3040 diximus,
894 2979 1012 3041 genere
1036 2997 1047 3034 1

110 3064 263 3145 honesto,
293 3084 415 3147 pauper
446 3064 510 3126 iam
541 3084 560 3125 a
591 3063 764 3126 maioribus
793 3063 922 3125 relictus
954 3067 1012 3143 est,

110 3168 253 3231 eruditus
281 3173 389 3230 autem
418 3167 478 3248 sic,
508 3173 544 3229 ut
575 3187 671 3231 nemo
700 3164 870 3228 Thebanus
884 3168 886 3173 ’
901 3165 1012 3246 magis.

109 3271 192 3335 Nam
229 3277 262 3335 et
299 3270 481 3334 citharizare
521 3276 553 3335 et
590 3276 718 3334 cantare
750 3268 792 3332 ad
822 3267 1012 3332 chordarum

109 3394 224 3437 sonum
247 3372 359 3437 doctus
391 3379 439 3436 est
467 3373 681 3456 aDionysic,
711 3371 766 3456 qui
793 3391 858 3434 non
887 3372 1011 3438 minore

817 3471 857 3519 5*
