2400 3848
164 259 201 314 22
485 255 523 294 1v.
542 253 709 295 pausamus.
728 255 746 293 a

131 402 245 466 asidia
274 402 461 487 depelleret.
498 401 580 492 ,Pari
608 402 759 466 felicitate
789 402 823 466 in
854 420 893 466 ea
922 421 957 464 re
988 419 1064 490 usus
1109 481 1113 488 ἢ
1146 480 1147 485 ¹

113 491 121 502 ⁵
165 507 277 570 elatius
300 527 334 570 se
356 527 469 590 gerere
486 507 591 591 coepit
606 507 806 590 maioresque
828 508 979 589 appetere
1001 522 1063 565 res.

163 609 248 673 Nam
271 629 344 672 cum
356 609 510 693 Byzantio
527 615 709 693 expugnato
727 609 865 692 cepisset
885 606 1064 691 complures

164 713 335 777 Persarum
365 713 490 775 nobiles
521 717 615 796 atque
646 712 679 774 in
708 712 746 774 iis
777 710 947 774 nonnullos
980 709 1065 792 regis

164 815 369 900 propinquos,
391 815 451 879 hos
474 815 556 879 clam
570 814 674 878 Xerxi
694 814 827 896 remisit,
849 813 1000 877 simulans
1023 831 1066 875 ex

164 918 275 981 vinclis
306 916 440 1001 publicis
469 917 637 1000 effugisse,
670 921 703 980 et
725 937 797 980 cum
819 917 857 979 iis
881 914 1066 998 Gongylum

164 1021 391 1102 Eretriensem,
414 1019 468 1104 qui
485 1020 606 1084 litteras
628 1020 699 1102 regi
713 1018 874 1099 redderet,
897 1018 930 1080 in
953 1016 1065 1102 quibus

163 1125 243 1187 haec
258 1123 354 1186 fuisse
370 1123 486 1206 scripta
500 1120 704 1206 Thucydides
718 1123 892 1185 memoriae
908 1117 1065 1205 prodidit:

130 1253 142 1291 a
166 1225 364 1309 ,Pausanias,
387 1225 455 1288 dux
477 1224 626 1310 Spartae,
656 1246 735 1310 quos
757 1224 904 1310 Byzantii
925 1228 1065 1307 ceperat,

164 1336 334 1416 postquam
355 1331 551 1415 propinquos
572 1336 645 1394 tuos
668 1330 835 1413 cognovit,
862 1328 920 1392 tibi
941 1327 1065 1391 muneri

165 1434 250 1498 misit
263 1454 360 1517 seque
372 1439 479 1498 tecum
493 1432 655 1497 adfinitate
671 1432 820 1516 coniungi
831 1432 933 1517 cupit:
957 1452 1064 1516 quare,

131 1538 192 1600 ssi
214 1535 272 1599 tibi
293 1534 436 1617 videtur,
469 1535 525 1599 des
555 1536 585 1599 ei
606 1536 704 1599 filiam
726 1542 815 1598 tuam
835 1541 980 1620 nuptum.
1024 1532 1066 1597 Id

166 1641 192 1703 si
213 1639 342 1721 feceris,
374 1644 406 1702 et
428 1638 574 1722 Spartam
596 1646 629 1702 et
651 1644 791 1703 ceteram
815 1637 983 1702 Graeciam
1006 1636 1064 1700 sub

164 1749 252 1807 tuam
287 1746 481 1826 potestatem
518 1762 552 1805 se
585 1741 755 1806 adiuvante
792 1747 825 1805 te
862 1742 1065 1807 redacturum

165 1847 343 1932 pollicetur.
387 1844 448 1908 His
477 1844 517 1908 de
545 1844 640 1908 rebus
670 1844 795 1928 siquid
823 1845 893 1928 geri
913 1845 1064 1928 volueris,

165 1955 287 2015 certum
308 1949 471 2012 hominem
493 1946 535 2010 acl
557 1968 631 2011 eum
653 1948 760 2010 mittas
782 1947 867 2031 face,
900 1969 972 2011 cum
1000 1968 1063 2032 quo

42 2078 43 2082 ¹
131 2049 385 2137 scolloquaturf
429 2051 504 2115 Rex
532 2033 581 2115 tot
601 2051 766 2115 hominum
787 2052 889 2116 salute
917 2056 983 2114 tam
1004 2049 1065 2114 sibi
1137 2117 1138 2121 ,

163 2156 415 2220 necessariorum
437 2174 633 2238 magnopere
652 2155 780 2238 gavisus
803 2155 970 2218 ooniestim
992 2175 1064 2218 cum

165 2259 300 2342 epistula
320 2257 515 2322 Artabazum
538 2257 579 2321 ad
599 2257 789 2344 Pausaniam
811 2257 917 2339 mittit,
948 2257 982 2321 in
1002 2277 1065 2341 qua

166 2381 238 2424 eum
267 2360 442 2441 collaudat,
472 2360 569 2444 petit,
601 2380 641 2423 ne
674 2360 724 2422 cui
751 2360 798 2423 rei
824 2366 933 2443 parcat
961 2359 1003 2423 acl
1025 2381 1066 2426 ea

166 2462 341 2545 efficienda,
364 2484 443 2546 quae
459 2463 678 2547 polliceretur:
702 2464 730 2526 si
747 2464 926 2548 perfecerit,
947 2465 1066 2531 nullius

131 2595 143 2632 o
165 2566 213 2629 rei
234 2586 253 2627 a
275 2587 309 2629 se
331 2567 491 2649 repulsam
505 2567 652 2630 laturum.
697 2566 801 2630 Huius
816 2567 988 2633 Pausanias
1006 2590 1064 2634 vo-

164 2669 285 2731 luntate
309 2669 437 2752 cognita
458 2670 593 2733 alacrior
614 2670 657 2733 ad
677 2691 746 2734 rem
765 2671 941 2754 gerendam
963 2671 1065 2736 lactus

165 2772 198 2835 in
226 2773 438 2856 suspicionem
467 2773 580 2837 cecidit
607 2773 945 2838 Lacedaemoniorum.
991 2775 1063 2850 Quo

165 2874 248 2938 facto
272 2875 404 2938 domum
425 2882 609 2958 revocatus,
639 2882 803 2940 accusatus
826 2878 937 2961 capitis
959 2878 1063 2942 absol-

165 2980 257 3057 vitur,
280 2980 432 3043 multatur
454 2985 560 3044 tamen
582 2980 732 3064 pecunia:
756 3000 850 3065 quam
873 2981 914 3044 ob
937 3002 1091 3065 causamt

167 3083 208 3145 ad
231 3083 363 3146 classem
385 3083 535 3147 remissus
556 3104 623 3148 non
645 3089 703 3148 ost.

132 3210 141 3246 1
229 3184 290 3248 ΠΙ.
318 3182 364 3247 At
391 3185 444 3249 ille
473 3190 546 3269 post
573 3206 638 3250 non
665 3186 765 3250 multo
795 3208 853 3251 sua
880 3193 993 3272 sponte
1023 3189 1066 3253 ad

167 3287 342 3350 exercitum
364 3286 459 3350 rediit
481 3293 513 3350 et
534 3287 579 3350 ibi
599 3309 665 3352 non
687 3289 809 3371 callida,
842 3290 900 3355 sed
923 3291 1066 3357 dementi

165 3389 289 3454 ratione
306 3391 445 3472 cogitata
459 3391 623 3474 patefecit:
646 3393 808 3456 nonenim
824 3414 929 3458 mores
943 3395 1065 3478 patrios
