2400 3848
165 239 199 294 13
449 231 480 270 11.
499 229 723 271 rsnmsroonas.
742 230 774 270 ro.

164 387 343 468 exagitatus
364 405 384 447 a
406 389 519 448 cuneta
543 380 687 465 Graecia,
711 388 799 446 tuam
820 388 935 466 petens
957 382 1067 446 amici-

82 479 84 482 ⁴
163 487 255 551 tiam:
279 507 372 571 quam
395 486 422 549 si
440 506 495 550 ero
512 484 658 570 adeptus,
680 505 746 549 non
760 485 864 548 minus
879 507 931 550 me
946 485 1066 550 bonum

164 590 301 654 amioum
321 588 455 653 habebis
485 608 580 672 quam
601 587 719 652 fortem
740 589 902 653 inimicum
930 589 984 654 ille
1008 611 1065 655 ex-

162 700 273 780 pertus
304 697 362 756 est.
406 692 452 755 Te
484 697 592 754 autem
621 711 722 774 rogo,
753 697 790 754 ut
820 691 860 756 de
891 692 930 757 iis
960 693 1066 776 rebus,

164 819 242 883 quas
262 803 370 862 tecum
392 795 531 880 colloqui
553 796 646 878 uolo,
678 816 816 859 annuum
839 797 918 861 mihi
939 802 1065 882 tempus

165 901 222 966 des
245 921 347 985 eoque
370 903 530 962 transacto
554 897 595 961 ad
617 903 649 962 te
671 899 780 963 uenire
802 896 951 984 patiaris‘

130 1025 140 1064 1
227 1003 270 1068 X.
299 1002 403 1066 Huius
428 1023 489 1066 rex
517 1002 614 1066 animi
630 1002 883 1088 magnitudinem
906 1004 1066 1068 admirans

164 1109 357 1193 cupiensque
392 1106 490 1170 talem
522 1105 625 1169 virum
656 1106 716 1170 sibi
747 1106 909 1171 conciliari
938 1108 1065 1172 veniam

164 1211 262 1276 dedit.
314 1210 374 1274 Ille
407 1229 501 1273 omns
532 1209 612 1273 illud
642 1214 768 1293 tempus
798 1210 912 1275 litteris
944 1232 1066 1276 sermo·

162 1316 258 1399 nique
289 1314 460 1379 Persarum
493 1311 632 1375 dedidit:
665 1311 778 1396 quibus
808 1312 889 1376 adeo
923 1313 1066 1378 eruditus

164 1423 227 1501 est,
259 1423 295 1481 ut
325 1417 425 1480 multo
456 1415 655 1501 commodius
686 1415 809 1479 dicatur
838 1416 924 1503 apud
953 1438 1066 1502 regem

162 1521 261 1586 'verba
282 1521 395 1585 fecisse
425 1540 521 1605 quam
548 1520 572 1583 ii
598 1525 764 1604 poterant,
794 1521 848 1605 qui
874 1521 909 1584 in
929 1521 1064 1586 Perside

129 1643 142 1680 a
163 1630 253 1688 erant
274 1623 350 1688 nati.
394 1622 468 1706 Hic,
492 1643 564 1686 cum
583 1623 685 1686 multa
705 1624 776 1706 regi
798 1631 884 1689 esset
904 1607 1065 1710 pollicitus

163 1728 440 1813 gratissimumque
462 1726 558 1809 illud,
588 1728 615 1790 si
641 1726 705 1791 suis
726 1729 775 1790 uti
797 1728 935 1792 consiliis
956 1729 1065 1812 vellet,

161 1833 252 1896 illum
276 1831 444 1895 Graeciam
465 1830 552 1895 bello
577 1851 818 1916 oppressurum,
849 1833 972 1916 magnis
994 1852 1064 1895 mu-

162 1935 291 2000 neribus
320 1934 360 1997 ab
388 1931 572 1997 Artaxerxe
605 1931 741 1997 donatus
768 1934 801 1997 in
826 1935 939 2000 Asiam
969 1936 1066 2001 rediit

129 2058 141 2096 ³
164 2039 422 2123 domiciliumque
444 2038 629 2121 Magnesiae
658 2037 718 2102 sibi
749 2040 921 2103 constituit.
966 2040 1064 2104 Nam-

163 2165 225 2229 que
248 2144 330 2207 hanc
343 2143 456 2206 urbem
480 2142 510 2206 ei
531 2162 591 2206 rex
613 2140 757 2224 donarat,
779 2143 828 2206 his
849 2143 979 2227 quidem
992 2165 1065 2208 ver·

162 2248 226 2329 bis,
257 2268 338 2331 quae
368 2247 398 2311 ei
426 2268 543 2332 panem
565 2246 735 2330 praeberet
765 2242 821 2324 (ex
849 2266 912 2329 qua
933 2248 1065 2330 regione

163 2351 387 2435 quinquagena
400 2350 522 2413 talenta
536 2349 704 2433 quotannis
718 2347 890 2431 redibant),
911 2348 1065 2434 Lampsa-

163 2473 235 2516 cum
258 2456 380 2533 autem,
410 2452 496 2515 unde
525 2451 635 2514 vinum
663 2456 818 2534 sumeret,
847 2451 994 2537 Myunta,
1024 2476 1067 2518 ex

163 2577 226 2640 qua
248 2555 415 2618 obsonium
438 2554 578 2619 baberet.

227 2658 331 2721 Huius
372 2659 415 2722 ad
457 2664 598 2722 nostram
634 2657 823 2721 memoriam
859 2663 1067 2722 monumenta

163 2764 348 2824 manserunt
379 2760 459 2824 duo:
491 2760 672 2845 sepulcrum
702 2782 803 2847 prope
836 2761 1005 2846 oppidum,
1033 2763 1067 2826 in

131 2886 227 2950 equo
251 2869 300 2929 est
322 2866 475 2949 sepultus,
499 2871 604 2929 statua
624 2867 657 2929 in
679 2865 751 2930 foro
774 2865 969 2948 Magnesiae.
1013 2865 1066 2930 De

165 2969 253 3032 cuius
267 2972 371 3031 morte
386 2968 493 3033 multis
507 2968 613 3033 modis
629 2967 714 3052 apud
728 2968 898 3052 plerosque
914 2967 1066 3051 scriptum

165 3079 228 3154 est,
263 3072 321 3137 sed
352 3093 410 3136 nos
445 3074 583 3139 eundem
614 3073 815 3159 potissimum
845 3070 1067 3155 Thucydidem

164 3181 327 3240 auctorem
363 3178 553 3261 probamus,
591 3177 645 3263 qui
680 3177 770 3240 illum
807 3176 850 3238 ait
880 3174 1066 3257 Magnesiae

163 3277 277 3342 morbc
309 3284 470 3343 mortuum
498 3302 602 3366 neque
624 3286 723 3363 negat
753 3278 849 3341 fuisse
872 3276 988 3340 famam
1009 3297 1067 3341 ve·

164 3401 283 3443 uenum
305 3401 361 3443 sua
383 3389 497 3468 sponte
519 3384 705 3468 sumpsisse,
729 3402 799 3445 cum
824 3401 868 3460 se,
893 3399 974 3463 quae
997 3378 1068 3459 regi
