2400 3848
165 227 218 283 146
457 223 523 265 XXV.
543 223 672 265 amous
692 224 724 265 1⁵.
738 225 770 266 16.

160 378 289 457 praeter
302 370 490 437 Arretinum
506 378 539 436 et
553 359 794 440 Nomentanum
807 373 960 438 rusticum
973 394 1067 456 prae·

162 475 250 539 dium
273 475 438 560 omnisque
468 475 536 539 eius
564 475 720 558 pecuniae
747 476 870 540 reditus
902 477 1069 541 constabat

160 581 194 643 in
215 578 386 664 Epiroticis
409 584 442 644 et
463 579 591 642 urbanis
612 580 876 663 possessionibus.
921 579 974 644 Ex
1004 600 1067 664 quo

161 683 312 767 cognosci
333 687 441 767 potest
463 703 556 745 usum
578 703 652 746 oum
674 684 829 766 pecuniae
856 703 922 747 non
943 683 1068 767 magni·

162 787 283 868 tudine,
305 785 364 851 sed
386 786 509 850 rationo
532 788 640 850 metiri
662 789 801 852 solitum.

130 910 141 948 1
226 889 301 954 XV.
331 889 536 954 Mendacium
566 911 671 973 neque
704 891 832 956 dicebat
863 912 968 976 neque
1000 892 1070 976 pati

161 999 299 1079 poterat.
336 993 450 1077 Itaque
473 995 541 1057 eius
565 996 697 1059 comitas
719 1016 784 1059 non
806 996 875 1059 sinc
898 994 1069 1060 severitate

164 1104 233 1160 erat
262 1116 367 1179 neque
398 1098 537 1180 gravitas
568 1098 635 1162 sine
666 1097 838 1180 facilitate,
872 1103 908 1161 ut
941 1096 1069 1161 difficile

164 1207 249 1264 esset
276 1199 458 1282 intellectu,
489 1206 596 1263 utrum
626 1221 700 1264 eum
729 1201 823 1264 amici
850 1201 953 1284 magis
976 1222 1069 1266 vere·

124 1328 125 1331 ¹
161 1309 272 1368 rentur
286 1325 327 1367 an
342 1308 495 1368 amarent.
533 1303 695 1386 Quidquid
709 1304 894 1388 rogabatur,
916 1304 1069 1388 religiose

162 1407 385 1492 promittebat,
415 1406 502 1490 quod
523 1427 589 1470 non
610 1406 767 1488 liberalis,
797 1406 855 1471 sed
883 1405 963 1470 levis
986 1405 1069 1469 arbi-

161 1510 305 1573 trabatur
340 1510 503 1595 polliceri,
540 1509 627 1592 quod
657 1514 821 1592 praestaro
853 1529 919 1573 non
949 1515 1070 1590 posset.

129 1636 142 1676 a
162 1611 256 1675 Idem
271 1608 466 1692 intenendo,
480 1612 567 1696 quod
582 1613 683 1676 semel
698 1612 871 1693 adnuisset,
893 1617 991 1696 tanta,
1002 1616 1071 1675 erat

163 1736 248 1799 cura,
270 1720 305 1779 ut
327 1734 393 1778 non
408 1712 601 1797 mandatam,
624 1713 683 1779 sed
704 1736 795 1779 suam
816 1737 887 1780 rem
904 1714 1071 1780 uideretur

162 1839 270 1902 agere.
306 1818 489 1901 Numquam
504 1818 644 1898 suscepti
657 1819 780 1901 negotii
797 1839 870 1882 eum
885 1824 1071 1900 pertaesum

164 1929 228 1987 est:
251 1943 342 1986 suam
364 1923 450 1986 enim
469 1922 740 1986 existimationem
761 1922 794 1984 in
817 1942 857 1985 ea
875 1942 911 1985 re
935 1921 988 2003 agi
1010 1940 1069 2004 pu·

128 2025 266 2108 stabat,
296 2046 359 2110 qua
379 2026 458 2089 nibil
479 2025 619 2089 habebat
642 2026 753 2088 carius.
800 2023 871 2098 Quo
893 2024 1006 2107 fiebat,
1034 2032 1071 2089 ut

164 2129 271 2193 omnia
308 2126 519 2209 Ciceronum,
556 2126 601 2190 M.
634 2127 782 2210 Catonis,
822 2126 860 2199 Q.
891 2126 1069 2209 Hortensii,

162 2235 204 2300 A.
219 2234 382 2317 Torquati,
404 2235 578 2298 multorum
592 2243 761 2317 praeterea
783 2237 927 2319 equitum
948 2235 1070 2300 Roma·

161 2359 277 2410 normn
299 2338 431 2420 negotia
444 2345 640 2421 procuraret.
680 2337 732 2401 Ex
754 2358 817 2420 quo
840 2337 974 2400 iudicari
996 2343 1069 2417 pot-

164 2448 233 2505 erat
254 2461 320 2504 non
342 2440 466 2522 inertia,
489 2439 547 2504 sed
569 2440 687 2504 iudicio
710 2440 829 2523 fugisse
852 2441 1070 2525 reipublicae

163 2544 433 2628 procurationem.

129 2677 141 2714 r
226 2647 318 2712 XVI.
345 2648 561 2712 Humanitatis
580 2668 658 2713 vero
681 2648 804 2712 nullum
819 2647 946 2712 adferre
967 2647 1070 2711 maius

163 2752 381 2816 testimonium
407 2772 536 2834 possum
559 2771 654 2832 quam
670 2751 756 2831 quod
772 2751 960 2815 adulescens
982 2749 1071 2815 idem

163 2854 233 2917 seni
254 2852 361 2917 Sullae
384 2853 444 2916 fuit
464 2851 719 2934 iucundissimus,
749 2873 850 2917 senex
872 2852 1071 2918 adulescenti

163 2957 208 3022 M.
216 2956 329 3038 Bruto,
352 2977 425 3020 cum
440 2956 624 3040 aequalibus
639 2962 748 3020 autom
763 2959 827 3020 suis
844 2955 882 3030 Q.
892 2956 1069 3021 Hortensio

164 3065 198 3124 et
218 3059 262 3123 M.
285 3059 440 3125 Cicerone
464 3059 510 3122 sio
531 3058 621 3140 uixit,
644 3066 680 3122 ut
701 3060 843 3125 iudicare
868 3059 996 3124 difficile
1019 3062 1070 3142 sit,

130 3163 215 3231 aeui
251 3163 349 3226 aetati
384 3163 481 3226 fuerit
513 3163 704 3246 aptissimus.
757 3162 958 3244 Quamquam
995 3185 1071 3229 oum

163 3266 335 3350 praecipuo
358 3265 472 3328 dilexit
494 3264 617 3347 Oioero,
644 3271 743 3330 utne
765 3266 864 3329 frater
885 3264 1017 3348 quidem
1040 3265 1071 3329 ei

130 3401 142 3440 3
166 3367 303 3441 Quintus
325 3369 427 3432 carior
448 3367 545 3432 fuerit
566 3374 621 3432 aut
636 3369 832 3432 familiarior.
865 3367 906 3431 Ei
927 3368 976 3432 rei
998 3373 1072 3431 sunt
