2400 3848
435 209 516 272 111111,
535 231 678 272 nummus.
698 231 730 271 ro.
981 233 1037 290 103

128 379 213 444 trabi
234 401 300 445 non
322 401 418 465 posse
441 401 537 465 quam
552 379 735 462 Antigonus
757 378 923 445 adfuturus
945 380 1035 445 vide·

129 482 232 548 batur.
276 483 340 548 Hic
371 484 518 548 omnibus
548 483 757 547 titubantibus
794 490 827 548 et
864 483 904 549 de
940 486 1070 550 rebusr

130 587 194 650 suis
224 585 468 671 desperantibus
496 587 658 651 Eumenes
689 587 750 666 ait,
780 587 807 651 si
840 588 1037 654 celeritatem

129 691 230 756 velint
261 690 413 756 adhibere
446 698 479 756 et
506 692 662 775 imperata
690 691 814 774 facere,
847 692 935 776 quod
962 698 1036 758 ante

129 795 369 878 confecerint,
400 816 435 860 so
464 816 532 858 rem
562 794 798 877 expediturum.
843 795 928 860 Nam
951 796 1038 882 quod

131 897 243 962 diebus
266 899 405 982 quinque
423 898 523 961 hostis
539 899 689 963 transisse
704 904 823 984 posset,
847 921 881 964 se
905 900 1037 964 effectu·

129 1023 211 1084 rum,
234 1009 270 1066 ut
291 1023 356 1066 non
378 1002 482 1065 minus
504 1001 641 1065 totidem
664 1001 790 1066 dierum
812 1004 914 1087 spatio
937 1010 1037 1069 retar-

131 1105 276 1170 daretur:
309 1126 407 1189 quare
440 1105 660 1187 circumirent,
692 1126 764 1168 suas
796 1107 929 1191 quisque
962 1129 1037 1171 con-

129 1209 273 1274 traheret
296 1210 413 1293 copias.
450 1207 505 1272 Ad
520 1208 675 1293 Antigoni
691 1218 799 1274 autem
813 1211 1060 1281 refrenanduma

129 1312 286 1398 impetum
325 1314 389 1377 tale
432 1314 517 1397 capit
554 1313 731 1378 consilium.
791 1312 905 1378 Certos
943 1316 1039 1378 mittit
1080 1302 1083 1308 ’

130 1417 276 1481 homines
296 1416 337 1480 ad
358 1416 482 1478 infimos
498 1421 633 1497 montes,
658 1417 709 1500 qui
729 1416 813 1481 obvii
829 1423 919 1480 erant
933 1419 1040 1482 itineri

131 1519 403 1601 adversariorum,
425 1519 527 1603 iisque
550 1520 721 1604 praecipit,
751 1525 788 1583 ut
808 1520 912 1605 prima
932 1527 1038 1605 nocte,

131 1645 226 1709 quam
248 1623 401 1687 latissime
416 1622 549 1707 possint,
572 1623 663 1706 ignes
678 1623 796 1687 faciant
818 1645 914 1708 quam
936 1628 1038 1690 maxi-

131 1749 201 1792 mos
229 1733 324 1811 atque
355 1726 414 1790 hos
443 1725 585 1790 secunda
613 1726 723 1809 vigilia
753 1727 914 1809 minuant,
945 1730 1040 1793 tertia

131 1832 328 1918 perexiguos
364 1829 520 1911 reddant,
564 1834 600 1893 ut
643 1830 826 1893 assimulata
864 1837 1073 1896 castrorumt

131 1933 362 1999 consuetudine
400 1933 614 2018 suspicionem
650 1933 781 1997 iniciant
819 1933 964 1997 hostibus
1001 1934 1038 1997 iis

130 2038 211 2103 locis
248 2057 318 2102 esse
357 2042 460 2099 castra
491 2056 529 2099 ao
566 2035 606 2098 de
642 2055 754 2099 eorum
790 2036 932 2100 adventu
968 2059 1037 2102 esse

131 2141 407 2227 praenuntiatum
443 2138 593 2222 idemque
624 2143 754 2222 postera
785 2143 880 2202 noete
911 2139 1037 2203 faciant.

132 2244 254 2319 Quibus
285 2245 477 2327 imperatum
510 2246 594 2322 erat,
630 2241 801 2324 diligenter
832 2247 1072 2326 praeceptume

132 2353 253 2412 curant.
297 2346 480 2430 Antigonus
513 2344 653 2408 tenebris
684 2343 805 2408 obortis
838 2345 929 2428 ignes
962 2366 1038 2409 con·

131 2452 287 2537 spicatur:
312 2450 414 2514 credit
438 2450 478 2514 de
502 2469 559 2512 suo
583 2448 724 2512 adventu
746 2469 816 2512 esse
839 2448 984 2512 auditum
1007 2456 1039 2514 et

131 2554 332 2619 adversarios
354 2554 429 2616 illuc
451 2573 524 2616 suas
548 2551 744 2615 contraxisse
775 2552 891 2637 copias.
935 2553 1039 2617 Mutat
1060 2586 1072 2623 6

132 2658 300 2722 consilium
328 2663 376 2738 et,
408 2657 558 2740 quoniam
580 2655 798 2739 imprudentes
827 2656 946 2719 adoriri
974 2679 1038 2721 non

130 2766 257 2847 posset,
285 2759 384 2823 flectit
405 2760 465 2822 iter
488 2780 581 2822 suum
604 2764 637 2821 et
658 2759 748 2822 illum
771 2759 946 2823 anfractum
968 2760 1037 2822 lon-

100 2890 103 2895 ·
131 2863 258 2947 giorem
287 2863 435 2946 copiosae
464 2862 535 2925 viae
568 2861 653 2945 capit
683 2862 790 2945 ibique
824 2861 910 2925 diem
940 2882 1038 2924 unum

133 2967 298 3052 opperitur
327 2965 368 3028 ad
397 2964 616 3028 lassitudinem
639 2963 814 3028 sedandam
837 2965 973 3027 militum
1002 2985 1039 3028 ac

131 3067 305 3133 reficienda
327 3067 485 3149 iumenta,
516 3087 579 3151 quo
609 3067 783 3150 integriore
808 3068 951 3130 exercitu
982 3066 1037 3131 de-

133 3175 289 3236 comeret.

74 3256 81 3267 ’
197 3273 240 3338 Χ.
271 3274 322 3339 Sic
344 3274 506 3337 Eumenes
538 3271 689 3336 callidum
712 3273 937 3357 imperatorem
963 3273 1070 3339 vicitr

134 3377 266 3441 oonsilio
305 3378 565 3460 celeritatemque
601 3375 768 3460 impedivit
805 3377 888 3441 eius:
932 3397 1036 3461 neque
