2400 3848
177 192 229 246 144
494 191 560 230 xxv.
579 189 714 249 urricus„
727 189 758 228 1³.

173 358 276 421 neque
311 338 415 401 minus
446 339 549 403 virum
580 340 700 403 bonum
732 339 922 422 optimisque
956 335 1076 400 artibus

174 443 349 527 eruditum,
377 452 451 529 post
479 445 744 530 proscriptionem
774 443 915 528 equitum
943 444 1078 525 propter

173 567 303 630 magnas
323 548 389 612 eius
404 547 570 611 Africanas
586 547 804 632 possessiones
826 547 859 608 in
880 543 1076 630 proscripto·

172 671 244 713 rum
265 672 432 716 numerum
455 673 474 714 a
495 651 531 716 P.
555 650 740 732 Volumnio,
763 648 925 734 praefecto
949 646 1078 710 fabrum

145 752 321 836 cAntonii‚
354 755 519 819 absentem
547 755 684 818 relatum
707 752 880 838 expedivit.
926 747 1022 823 Quod
1044 749 1078 811 in

173 857 335 940 praesenti
347 864 454 920 utrum
470 859 500 921 ci
514 859 703 921 laboriosius
726 879 766 920 an
782 855 951 939 gloriosius
970 852 1077 934 fuerit,

176 965 303 1029 difficile
332 965 491 1046 iudicare,
524 962 612 1047 quod
640 965 673 1025 in
704 983 814 1026 eorum
839 961 990 1044 periculis
1011 983 1078 1027 non

174 1087 265 1130 secus
294 1066 441 1131 absentes
473 1089 567 1152 quam
600 1073 785 1153 praesentes
817 1069 935 1132 amicos
965 1065 1076 1130 Attico

175 1191 244 1234 esse
269 1192 362 1235 curae
386 1173 549 1255 cognitum
572 1180 629 1237 est.

116 1259 119 1267 ’
146 1294 158 1332 1
237 1273 332 1338 XIII.
363 1276 476 1361 Neque
507 1299 584 1342 vcro
621 1278 675 1342 ille
708 1278 812 1341 minus
845 1276 949 1341 bonus
985 1281 1077 1361 pater

173 1376 307 1442 familias
329 1379 455 1442 habitus
479 1386 527 1444 est
543 1402 637 1465 quam
660 1382 746 1445 civis.
791 1380 875 1445 Nam
898 1401 970 1444 cum
992 1385 1078 1444 esset

173 1481 380 1564 pecuniosus,
408 1502 505 1547 nemo
534 1484 589 1546 illo
619 1485 723 1547 minus
750 1484 810 1547 fuit
833 1505 943 1566 emax,
973 1484 1078 1548 minus

174 1582 367 1648 aedificator.
410 1585 524 1669 Neque
556 1593 663 1650 tamen
694 1608 760 1650 non
789 1587 824 1650 in
854 1587 963 1672 primis
993 1587 1077 1651 bene

47 1728 54 1743 ,
173 1683 327 1750 habitarit
364 1688 573 1772 omnibusque
612 1690 738 1773 optimis
774 1690 869 1754 rebus
905 1711 981 1753 usus
1018 1694 1077 1755 est.

146 1789 256 1853 aNam
279 1790 411 1855 domum
439 1792 550 1855 habuit
577 1793 610 1855 in
642 1794 723 1856 colle
748 1793 903 1866 Quirinali
925 1793 1077 1877 Tamphi-

174 1894 290 1959 lianam
320 1895 360 1959 ab
391 1897 547 1959 avunculo
584 1897 762 1961 hereditate
793 1898 951 1979 relictam,
989 1897 1078 1960 ouius

174 1999 348 2062 amoenitas
359 2020 425 2063 non
437 1999 592 2082 aedificio,
609 1999 666 2062 sed
680 2001 760 2063 silva
772 2000 953 2064 constabat:
972 2000 1078 2084 ipsum

174 2103 260 2166 enim
290 2109 411 2165 tectum
447 2103 619 2187 antiquitus
656 2103 864 2166 constitutum
897 2103 970 2188 plus
1000 2104 1077 2168 solis

175 2226 269 2288 quam
290 2210 433 2289 sumptus
449 2205 602 2268 habebat:
626 2206 743 2290 inquo
767 2207 846 2269 nihil
870 2207 1078 2271 commutavit

146 2310 234 2371 anisi
255 2310 282 2373 si
303 2308 381 2393 quid
401 2314 560 2372 vetustate
584 2316 712 2373 coactus
736 2318 794 2375 est.
839 2311 924 2374 Usus
953 2316 1002 2375 cst
1029 2311 1077 2375 fa·

174 2412 275 2493 milia,
314 2413 341 2473 si
371 2411 507 2474 utilitate
538 2396 753 2475 iudicandum
776 2420 840 2496 est,
879 2415 1016 2498 optima,
1050 2414 1078 2479 si

174 2513 285 2594 forma,
307 2514 362 2578 vix
384 2513 548 2577 mediocri.
591 2513 737 2598 Namque
760 2516 793 2578 in
817 2537 856 2579 ea
878 2521 968 2580 erant
984 2516 1078 2600 pueri

175 2617 401 2697 litteratissimi,
420 2623 613 2699 anagnostae
631 2619 743 2702 optimi
759 2624 792 2682 et
803 2620 933 2703 plurimi
946 2620 1077 2703 librarii,

173 2727 209 2785 ut
236 2742 277 2785 ne
299 2719 507 2805 pedissequus
536 2719 666 2803 quidem
695 2721 859 2806 quisquam
891 2727 991 2803 esset,
1023 2722 1078 2806 qui

174 2847 238 2889 non
259 2832 429 2907 utrumque
451 2823 568 2886 horum
583 2824 713 2907 pulchre
732 2824 837 2889 facere
858 2830 983 2908 posset3
1007 2825 1078 2910 pari

174 2928 269 2991 modo
295 2926 429 2990 artifices
445 2925 554 3006 ceteri,
577 2946 656 3010 quos
679 2926 781 2988 cultus
801 2925 995 2991 domesticus
1018 2928 1076 2993 de·

118 3051 155 3103 ‘gc
174 3031 301 3112 siderat,
316 3030 458 3115 adprime
475 3029 560 3092 boni.
582 3029 696 3112 Neque
711 3037 819 3093 tamen
833 3030 948 3093 horum
964 3053 1075 3115 quem·

125 3143 128 3149 '
174 3153 269 3216 quam
296 3133 357 3196 nisi
386 3132 474 3196 domi
503 3136 612 3196 natum
636 3131 786 3216 domique
808 3132 927 3196 factum
948 3133 1075 3216 habuit3

174 3235 261 3318 quod
292 3242 341 3300 est
371 3237 496 3319 signum
528 3256 594 3300 non
622 3236 726 3299 solum
755 3236 985 3320 continentiae,
1017 3238 1076 3302 sed

174 3339 270 3402 etiam
302 3339 495 3422 diligentiae.
539 3338 623 3403 Nam
657 3345 689 3403 ct
725 3359 790 3403 non
825 3340 1076 3420 intemperanter
