2400 3848
460 233 487 274 v.
506 225 605 274 oruou.
624 235 643 274 a.
968 233 1004 292 27

102 384 214 448 eduxit
242 383 511 469 barbarorumque
541 383 714 447 maximam
742 384 808 448 vim
835 402 898 446 uno
929 384 1023 444 con·'

102 508 196 551 cursu
229 488 409 572 prostravit.
464 486 535 561 Qua
564 487 698 552 victoria
735 507 851 570 magna
886 483 1039 570 praedat

18 670 25 684 N
101 592 222 676 potitus
245 611 317 654 cum
333 589 707 674 domumcreverteretur,
730 589 903 676 quodiam
925 607 1005 651 non-

102 695 208 759 nullae
240 695 361 758 insulae
384 700 517 780 propter
539 696 747 759 acerbitatem
769 694 895 779 imperii
918 691 1005 757 defe-

102 804 227 882 cerant,
259 798 340 864 bene
364 800 518 864 animatas
538 797 755 882 confirmavit,
784 799 937 862 alienatas
966 794 1007 858 ad

102 901 242 966 officium
254 903 360 968 redire
376 904 492 986 co'egit.
528 903 671 988 Scyrum,
696 923 790 988 quam
806 922 845 966 co
860 907 1005 985 tempore
1029 925 1041 962 a

101 1005 245 1091 Dolbpes
267 1006 466 1089 incolebant,
490 1007 578 1092 quod
600 1006 817 1070 contumacius
841 1026 875 1069 se
898 1024 1006 1087 gesse·
1097 1021 1102 1032 ’

102 1115 190 1193 rant,
212 1110 404 1194 vacuefecit,
428 1131 569 1175 sessores
591 1116 718 1176 veteres
740 1109 818 1173 urbe
840 1109 1006 1192 insulaque

101 1213 205 1296 eiecit,
222 1234 316 1298 agros
332 1214 452 1278 civibus
469 1213 583 1278 divisit.
616 1213 751 1277 Thasios
766 1212 929 1298 opulentia
943 1212 1006 1276 fre-

101 1322 152 1380 tos
168 1335 225 1379 suo
242 1315 382 1380 adventu
395 1316 501 1401 fregit.
527 1316 588 1380 His
604 1308 647 1381 cx
661 1316 817 1380 manubiis
833 1336 892 1378 arx
904 1311 1006 1378 Athe-

102 1439 224 1501 narum,
248 1440 310 1504 qua
332 1420 373 1483 ad
395 1419 565 1485 meridiem
585 1421 699 1504 vergit,
722 1424 772 1484 est
794 1424 916 1483 ornata.

165 1521 226 1586 III.
257 1522 380 1597 Quibus
401 1524 497 1590 rebus
521 1545 593 1589 cum
615 1547 696 1588 unus
726 1525 759 1588 in
789 1525 916 1588 civitate
939 1543 1006 1586 ma·
1029 1553 1040 1590 1

100 1627 187 1691 xime
209 1627 355 1711 floreret,
387 1628 499 1693 incidit
521 1629 555 1693 in
577 1628 714 1692 eandem
736 1626 889 1692 invidiam
912 1646 1007 1710 quam

101 1736 191 1816 pater
207 1753 281 1796 suus
297 1733 458 1816 ceterique
470 1730 717 1796 Atheniensium
732 1731 908 1815 principes:
931 1748 1007 1792 nam

101 1838 253 1899 testarum
277 1835 435 1919 suffragiis
465 1833 578 1900 decem
601 1854 757 1897 annorum
780 1833 894 1898 exsilio
925 1832 1006 1896 mul-

101 1944 185 2002 tatus
208 1944 266 2003 est.
304 1937 400 2002 (iuius
424 1937 499 2001 facti
522 1937 658 2002 celerius
673 1935 888 2001 Athenienses
912 1956 1041 2020 quam2

103 2043 206 2126 ipsum
227 2041 394 2126 paenituit.
438 2041 521 2104 Nam
551 2061 624 2104 cum
653 2040 708 2104 ille
731 2041 837 2103 animo
861 2040 936 2102 forti
958 2041 1006 2102 in·

102 2144 206 2208 vidiae
249 2145 447 2228 ingratorum
487 2144 604 2207 civium
640 2142 787 2207 cessisset
822 2143 1006 2228 bellumque

102 2247 349 2313 Lacedaemonii
358 2246 608 2311 Atheniensibus
622 2247 823 2329 indixissent,
839 2246 1007 2311 confestim

101 2358 196 2417 notae
228 2352 297 2416 eius
326 2351 454 2416 virtutis
485 2350 680 2416 desiderium
712 2356 919 2415 consecutum
948 2356 1006 2416 est.

100 2455 212 2539 Itaque
235 2461 309 2540 post
331 2475 449 2519 annum
472 2455 617 2540 quintum
639 2476 734 2540 quam
763 2455 916 2540 expulsus
939 2459 1041 2519 crata

101 2561 134 2625 in
161 2560 298 2645 patriam
328 2564 497 2624 revocatus
531 2563 588 2623 est.
633 2558 711 2641 Ille,
746 2558 834 2642 quod
866 2558 1006 2643 hospitio

101 2662 433 2727 Lacedaemoniorum
476 2661 641 2743 utebatur,
687 2661 784 2724 satius
823 2661 1007 2726 existimaus

102 2764 206 2828 verbis
235 2785 330 2849 quam
358 2765 453 2828 armis
485 2762 698 2846 contendere,
730 2762 1008 2829 Lacedaemdnem

102 2887 161 2930 sua
191 2874 303 2953 sponte
336 2874 385 2932 est
412 2867 575 2953 profectus
594 2888 781 2952 ··pacemque
813 2868 896 2931 iuter
928 2866 1007 2933 duas

102 2971 339 3057 potentissimas
368 2971 512 3035 civitates
542 2971 731 3034 conciliavit.
775 2969 873 3052 Post,
902 2990 1044 3055 nequer

103 3075 147 3138 ita
177 3075 295 3156 multo,
330 3072 468 3159 Cyprum
504 3093 576 3136 cum
596 3071 753 3136 ducentis
771 3071 917 3136 'navibus
948 3073 1007 3136 im·

102 3182 233 3263 perator
254 3177 368 3240 missus
392 3197 464 3240 cum
486 3177 554 3242 eius
570 3177 724 3240 maiorem
739 3181 863 3261 partem
886 3177 1007 3243 insulae

104 3281 282 3363 devicisset,
304 3280 338 3344 in
360 3279 507 3343 morbum
529 3279 701 3363 implicitus
723 3278 757 3342 in
778 3278 898 3363 oppido
922 3278 1006 3344 citio

102 3390 153 3449 est
173 3391 327 3449 mortuus.
1003 3402 1005 3407 ’

813 3485 853 3536 2*
