2400 3848
429 231 674 286 11111111111111.
696 246 714 285 s.
987 246 1024 302 99

115 402 150 461 et
180 395 342 481 Antigdue
379 418 550 481 rerumque
588 417 710 460 summa
745 395 786 459 ad
816 394 1024 478 Antipatrum

118 500 271 564 defertur.
309 500 372 564 Hic
403 500 456 584 qui
484 500 707 581 deseruerant,
738 498 882 563 exercitu
911 498 1023 562 suffra-

117 605 206 688 gium
228 604 351 668 ferente
375 603 486 687 capitis
509 603 658 667 absentes
683 603 888 682 damnantur,
920 602 953 664 iu
975 601 1024 665 his

118 707 289 772 Eumenes.
320 705 392 770 Hac
413 707 467 770 ille
483 706 648 790 perculsus
663 706 759 789 plaga
780 726 844 768 non
859 705 1025 768 succubuit

116 831 222 895 neque
247 829 285 874 eo
309 809 550 874 setius'bellum
566 808 806 872 administravit.
841 809 906 873 Sed
922 810 1024 873 exiles

117 934 169 978 res
200 913 296 977 animi
327 909 603 996 magnitudinem,
637 911 696 974 etsi
729 932 793 974 non
825 912 1023 997 frangebant,

116 1023 232 1082 tamen
247 1017 442 1080 minuebant.
487 1015 583 1078 Hunc
614 1035 810 1098 persequens
832 1012 1022 1099 Antigdnus,
1045 1039 1058 1077 1

116 1141 190 1183 eum
214 1120 300 1183 omui
324 1139 443 1203 genere
467 1119 630 1202 copiarum
653 1117 846 1198 abundaret,
870 1139 966 1201 saepe
990 1120 1024 1183 11

116 1224 282 1287 itineribus
304 1222 481 1286 vexabatur
511 1243 615 1307 neque
644 1243 795 1306 umquam
824 1222 866 1285 ad
894 1243 1023 1287 manum

116 1328 271 1393 accedere
287 1328 405 1391 licebat
419 1328 480 1390 nisi
501 1327 539 1390 iis
562 1326 650 1407 locis,
674 1325 787 1409 quibus
803 1325 896 1408 pauci
916 1327 1022 1389 multis

115 1436 249 1517 possent
277 1431 435 1494 resistere.
481 1429 547 1493 Sed
578 1435 724 1492 extremo
757 1433 918 1512 tempore,
951 1451 1056 1495 cuma

116 1534 249 1598 consilio
274 1535 344 1618 capi
372 1554 437 1597 non
459 1538 584 1616 posset,
615 1530 817 1594 multitudine
841 1531 1022 1596 circumitus

117 1643 175 1701 est.
213 1637 299 1701 Hinc
314 1643 422 1701 tamen
439 1636 546 1700 multis
570 1636 633 1699 suis
657 1636 834 1700 1111111111
858 1636 1023 1718 expedivit

117 1741 204 1804 etin
227 1741 393 1804 castellum
415 1739 585 1823 Pbrygiae,
613 1738 700 1823 quod
722 1739 812 1802 Nora
834 1741 1022 1825 appellatur,

118 1844 269 1928 confugit.
314 1843 354 1907 In
369 1845 438 1927 'quo
464 1865 535 1906 cum
558 1843 844 1906 circumsederetur
875 1850 908 1908 et
929 1866 1059 1908 vere-4

116 1953 221 2028 retur,
252 1968 292 2010 11
315 1967 378 2009 111
403 1946 474 2008 loco
497 1966 629 2009 manens
653 1965 752 2026 equos
774 1945 926 2009 militares
948 1968 1021 2029 per·

118 2049 219 2132 deret,
243 2048 329 2133 quod
352 2049 489 2133 spatium
511 2067 577 2110 uon
600 2053 684 2110 esset
699 2047 848 2130 agitandi,
873 2049 1023 2113 callidum

117 2152 176 2216 fuit
199 2153 265 2217 eius
281 2153 456 2232 inventum,
480 2171 575 2234 quem
594 2151 635 2213 ad
651 2150 783 2213 modum
798 2156 883 2215 stans
899 2151 1021 2216 iumen-

116 2261 185 2317 tum
201 2253 402 2317 concalefieri
419 2253 628 2335 exercerique
646 2258 765 2336 posset,
789 2275 850 2338 quo
867 2259 899 2318 et
920 2253 1022 2318 libeu-

116 2356 179 2418 tius
203 2357 272 2420 cibo
296 2362 440 2420 uteretur
458 2361 491 2420 et
513 2378 532 2420 a
554 2358 696 2440 corporis
718 2364 809 2422 motu
831 2378 896 2422 uon
918 2378 1025 2421 remo-

118 2463 255 2523 veretur.
305 2458 548 2542 substringebat
580 2464 674 2542 caput
702 2460 771 2522 loro
804 2461 898 2524 altius
929 2481 1061 2543 quami

117 2566 153 2623 ut
182 2561 341 2644 prioribus
369 2561 505 2644 pedibus
533 2562 629 2646 plane
652 2568 770 2627 terram
796 2569 906 2649 posset
929 2565 1024 2627 attin·

116 2683 211 2745 gere,
241 2663 359 2728 deinde
387 2670 461 2748 post
489 2664 676 2729 verberibus
701 2666 839 2748 cogebat
861 2666 1024 2730 exsultare

117 2771 151 2829 et
173 2769 277 2830 calces
298 2769 480 2832 remittere:
509 2770 562 2852 qui
584 2775 690 2833 motus
712 2791 777 2833 non
799 2771 903 2834 minus
927 2769 1024 2832 sudo-

118 2889 187 2932 rem
220 2869 404 2934 excutiebat
437 2891 531 2954 quam
562 2871 589 2934 si
622 2872 656 2934 in
689 2872 791 2955 spatio
828 2871 1023 2935 decurreret.

118 2970 191 3044 Quo
220 2972 425 3054 factumest,
454 2974 541 3058 quod
565 2975 711 3039 omnibus
738 2974 883 3038 mirabile
907 2980 955 3038 est
977 2973 1062 3037 vi·c

118 3094 206 3155 sum,
228 3079 263 3137 ut
285 3094 385 3159 aeque
409 3076 510 3140 nitida
533 3098 574 3140 ex
596 3077 729 3141 castello
753 3078 923 3158 educeret,
954 3096 1025 3140 cum

119 3176 301 3259 complures
323 3197 450 3241 menses
472 3179 504 3240 iu
528 3180 696 3244 obsidione
725 3181 855 3261 fuisset,
885 3200 921 3243 ac
944 3180 1025 3243 siin

117 3279 349 3363 campestribus
372 3301 411 3343 ea
432 3281 512 3345 locis
536 3283 712 3347 habuisset.
751 3282 790 3346 In
813 3285 873 3347 hac
896 3282 1023 3346 conclu·
1047 3303 1060 3342 v

117 3381 218 3463 sione,
241 3383 527 3468 quotienscumque
549 3385 667 3467 voluit,
691 3391 878 3469 apparatum
900 3391 933 3450 et
954 3405 1024 3448 mu-

832 3491 848 3540 6
856 3485 869 3515 t
