2400 3848
482 279 520 318 rx.
539 276 641 317 corion.
661 278 680 314 4.
997 277 1033 332 47

128 434 247 498 nabazo
272 429 313 494 ad
336 449 447 511 regem
469 426 583 489 missus
603 429 814 508 posteaquam
836 423 940 506 venit,
969 423 1034 506 pri·

128 560 217 601 mum
249 557 291 600 ex
321 553 412 596 more
443 530 616 594 Persarum
647 527 688 591 ad
720 526 944 608 chiliarchum,
982 526 1035 609 qui

126 637 304 704 secundum
333 634 470 718 gradum
498 631 625 716 imperii
653 630 799 711 tenebat,
831 621 1035 692 Tithrausten

127 743 261 807 accessit
283 759 381 824 seque
412 735 552 800 ostendit
582 755 655 797 cum
676 752 754 814 rege
779 731 919 816 colloqui
940 730 1034 794 velle.

128 848 213 911 Huic
235 846 288 908 ille
320 838 426 925 ,nulla‘
458 825 564 921 inquit
591 857 692 919 ,mora
723 840 789 918 est,
821 834 879 898 sed
910 839 946 897 tu
978 833 1069 898 de-s

127 952 247 1030 libera,
290 953 398 1010 utrum
436 940 577 1025 colloqui
614 940 704 1002 malis
741 960 782 1002 an
817 959 875 1022 per
911 938 1034 1002 litteras

126 1074 240 1138 agere,
274 1070 355 1134 quae
388 1046 518 1128 cogitas.
563 1042 704 1107 Necesse
735 1047 784 1106 est
813 1041 915 1123 enim,
946 1041 973 1104 si
1001 1040 1034 1103 in

126 1159 336 1240 conspectum
366 1148 509 1229 veneris,
540 1146 687 1210 venerari
715 1151 748 1210 tc
777 1166 905 1228 regem:
937 1164 1032 1210 nemo

127 1261 214 1324 enim
245 1258 313 1321 sine
345 1255 408 1318 hoc
444 1251 632 1315 admittitur.
682 1249 757 1312 Hoc
790 1250 816 1311 si
848 1248 906 1311 tibi
936 1269 1033 1331 grave

127 1367 193 1443 est,
222 1381 281 1445 per
310 1378 362 1422 me
391 1355 490 1420 nihilo
521 1354 619 1418 setius
650 1351 744 1416 editis
773 1350 931 1414 mandatis
958 1370 1034 1415 oon-

126 1466 230 1546 ficies,
268 1460 356 1547 quod
388 1456 518 1523 studes‘
563 1457 646 1520 Tum
678 1457 793 1522 Conon
827 1456 914 1539 ‚mihi
944 1455 1070 1521 vero‘r

127 1567 229 1652 inquit
257 1585 333 1648 ,non
362 1568 411 1627 est
439 1582 536 1646 grave
561 1561 704 1646 quemvis
727 1560 885 1624 honorem
915 1559 1035 1625 habero

127 1673 206 1755 regi,
229 1671 288 1734 sed
308 1688 434 1749 vereor,
465 1687 506 1729 ne
529 1665 649 1728 civitati
671 1685 763 1728 meae
787 1664 827 1727 sit
851 1663 1033 1748 opprobrio,

127 1776 170 1856 si,
202 1795 275 1837 cum
297 1794 340 1836 ex
360 1793 401 1836 ea
422 1771 482 1833 sim
504 1769 681 1854 profectus,
714 1790 795 1852 quae
819 1769 933 1832 ceteris
955 1789 1033 1851 gen-

129 1878 212 1938 tibus
227 1877 385 1958 imperare
403 1873 572 1954 consuerit,
591 1873 698 1956 potius
712 1872 923 1935 barbarorum
939 1893 1034 1954 quam

129 1973 215 2035 illius
231 1993 321 2035 more
339 1974 473 2056 fungar.‘
504 1973 627 2057 Itaque,
652 1996 734 2058 quae
751 1976 894 2057 volebat,
922 1980 1040 2063 scripta

129 2072 272 2138 tradidit.

191 2181 249 2246 IV.
280 2181 402 2254 Quibus
432 2182 566 2265 cognitis
597 2204 657 2246 rex
688 2191 812 2250 tantum
844 2189 1068 2259 auctoritater

123 2273 195 2348 ¹eius
233 2291 339 2349 motus
376 2291 440 2368 est,
478 2291 515 2349 ut
551 2291 584 2350 et
620 2286 868 2372 Tissaphernem
906 2291 1033 2356 hostem

126 2388 273 2451 iudicarit
290 2394 322 2452 et
334 2387 610 2453 Lacedaemonios
626 2391 711 2455 bello
735 2394 884 2478 persequi
906 2395 1034 2459 iusserit

124 2498 158 2555 et
182 2492 212 2556 ei
233 2492 425 2575 permiserit,
449 2513 545 2576 quem
560 2494 669 2577 vellet,
694 2495 815 2578 eligere
839 2497 880 2560 ad
904 2497 1031 2583 dispen-
1109 2547 1111 2552 s

123 2593 257 2657 sandam
285 2596 463 2679 pecuniam.
508 2596 547 2660 Id
577 2598 743 2661 arbitrium
766 2599 881 2665 Conon
902 2603 1033 2686 negavit

124 2699 173 2759 sui
189 2719 258 2761 esse
275 2699 408 2781 consilii,
431 2699 488 2762 sed
504 2699 611 2784 ipsius,
635 2703 689 2784 qui
708 2703 828 2785 optime
845 2725 920 2767 suos
935 2726 1031 2770 nosse

124 2800 274 2882 deberet;
305 2801 363 2865 sed
385 2823 418 2866 se
442 2803 594 2887 suadere,
623 2805 829 2870 Pharnabazo
853 2808 887 2870 id
909 2810 1031 2892 negotii

126 2901 226 2966 daret.
270 2904 355 2967 Hinc
378 2907 501 2989 magnis
517 2909 701 2973 muneribus
718 2909 854 2974 donatus
878 2911 919 2973 ad
942 2933 1029 2976 mare
1052 2943 1064 2982 2

122 3010 174 3069 cst
196 3007 319 3088 missus,
350 3013 386 3070 ut
410 3009 534 3092 Cypriis
558 3017 591 3074 et
612 3011 827 3076 Phoenicibus
851 3015 1029 3097 ceterisque

124 3109 290 3172 maritimis
306 3110 485 3174 civitatibus
499 3133 596 3176 naves
618 3114 732 3198 longas
752 3117 926 3199 imperaret
949 3118 1029 3181 clas-

122 3231 266 3295 semque,
296 3232 358 3296 qua
379 3216 527 3297 proxima
550 3222 671 3280 aestate
695 3239 782 3281 mare
805 3219 888 3282 tueri
910 3226 1029 3304 posset,

122 3322 334 3400 compararet,
359 3317 433 3381 dato
455 3320 601 3385 adiutore
617 3321 834 3405 PharnabazO‚
858 3323 939 3387 sicut
961 3325 1028 3408 ipse

123 3420 278 3485 voluerat.
323 3420 363 3483 Id
393 3427 429 3484 ut
458 3423 722 3488 Lacedaemoniis
756 3432 805 3490 est
839 3429 1062 3511 nuntiatum,3
