2400 3848
445 248 514 289 xxv.
532 246 661 289 nrrrons.
679 247 711 287 aa
979 245 1032 304 151

129 395 251 460 tuenda
272 397 334 460 hoe
355 402 502 481 tempore
524 396 735 478 adhibuerim,
760 415 833 459 cum
854 415 913 459 ros
935 399 1036 459 testes

130 499 283 579 habeam,
311 500 390 564 nihil
417 520 549 564 necesse
579 505 629 564 est
649 500 793 584 pluribus
819 500 926 564 verbis
948 518 1047 561 com-.

85 639 86 642 κ
131 623 320 667 memorare.
366 603 488 677 Quibus
511 603 671 688 quoniam,
693 608 730 666 ut
751 623 856 687 spero,
888 600 1037 682 satisfeci,

132 728 184 771 me
205 706 285 769 nihil
306 707 421 791 reliqui
446 708 575 789 fecisse,
605 706 692 791 quod
721 704 763 770 ad
784 704 961 769 sanandum
984 724 1037 768 mo

131 810 317 895 pertineret,
339 811 498 894 reliquum
521 815 585 892 est,
611 815 648 873 ut
670 814 801 892 egomet
823 809 901 872 mihi
923 828 1037 871 oonsu-

132 914 207 977 lam.
244 912 284 976 Id
298 933 357 978 ros
372 914 521 996 ignorare
535 913 635 977 nolui.
669 913 754 978 Nam
768 912 846 976 mihi
868 917 931 976 stat
952 910 1074 975 aleres

132 1016 281 1081 morbum
305 1014 461 1082 desinere.
506 1015 654 1100 Namque
675 1015 725 1079 his
749 1015 862 1080 diebus
885 1014 1040 1100 quidquid

134 1121 197 1185 cibi
217 1120 354 1203 sumpsi,
381 1121 427 1184 ita
448 1119 589 1204 produxi
610 1119 724 1201 vitam,
755 1125 792 1182 ut
814 1118 959 1183 auxerim
982 1117 1040 1180 do-

133 1224 220 1288 lores
247 1224 315 1286 sine
344 1244 401 1307 spe
424 1223 545 1286 salutis.
590 1221 697 1295 Quare
720 1243 739 1285 a
759 1222 851 1286 vobis
873 1226 950 1306 peto
975 1221 1040 1306 pri·

134 1346 239 1407 mum,
269 1330 307 1389 ut
328 1326 495 1389 consilium
516 1324 661 1410 probetis
682 1346 808 1408 mcum,
838 1323 971 1407 deinde,
999 1344 1041 1388 ne

134 1430 252 1494 frustra
275 1429 474 1495 dehortando
495 1437 588 1494 cunct
590 1429 713 1495 emini‘

200 1533 311 1598 XXII.
343 1533 415 1598 Hac
439 1534 583 1598 oratione
612 1533 762 1596 habitat
702 1538 817 1596 attan
818 1553 839 1595 a
865 1552 943 1596 cons
944 1532 1077 1599 tantiar

136 1637 225 1701 vocis
248 1643 342 1722 atquc
358 1637 534 1721 vultus,t
497 1643 534 1700 ut
554 1658 621 1701 non
643 1637 767 1701 exvita
733 1637 858 1720 ta,sed
881 1660 923 1702 cx
945 1637 1042 1702 domo

136 1741 170 1804 in
187 1741 318 1804 domum
330 1687 493 1806 videretdr
507 1742 657 1825 migrare,
673 1761 745 1804 cum
760 1739 891 1825 quidem
900 1739 1046 1825 Agrippa
1066 1767 1080 1807 r

141 1865 217 1909 eum
237 1845 316 1909 flens
339 1850 434 1929 atque
451 1846 597 1909 osculans
614 1850 720 1908 oraret
742 1849 838 1928 atque
855 1843 1047 1924 obsecraret,

140 1968 181 2012 ne
212 1946 261 2030 id,
293 1948 381 2033 quod
407 1953 522 2012 natura
550 1953 699 2032 cogeret,
730 1947 799 2031 ipse
829 1967 957 2031 quoque
987 1946 1049 2010 sibi

142 2051 337 2116 acceleraret
359 2057 402 2134 et,
424 2052 574 2136 quoniam
595 2057 665 2114 tum
688 2070 815 2135 quoquc
833 2054 944 2135 posset
964 2037 1047 2113 tem-

142 2156 273 2241 poribus
310 2153 512 2240 superesse,
531 2177 566 2220 sc
603 2154 664 2218 sibi
699 2155 827 2238 suisque
860 2158 1050 2235 reservaret,

142 2280 256 2346 preces
285 2260 353 2323 eius
376 2261 533 2323 taciturna
564 2281 623 2323 sua
645 2258 858 2323 obstinatione
882 2257 1049 2341 depressit.

143 2363 196 2428 Sic
219 2383 292 2426 cum
305 2363 439 2427 biduum
455 2362 526 2426 cibo
545 2383 580 2426 se
597 2362 809 2443 abstinuisset,
832 2361 937 2425 subito
953 2360 1050 2425 febris
1071 2394 1084 2434 ³

145 2467 283 2531 decessit
311 2467 474 2552 leviorque
504 2466 635 2530 morbus
665 2486 735 2530 esse
768 2466 884 2550 coepit.
928 2465 1051 2529 Tamen

144 2570 345 2655 propositum
356 2571 455 2635 nihilo
469 2571 568 2634 setius
581 2570 717 2654 peregit.
741 2566 853 2654 Itaque
867 2569 919 2634 die
930 2570 1051 2654 quinto,

145 2677 316 2758 postquam
337 2672 371 2736 id
387 2674 555 2737 consilium
568 2672 692 2755 inierat,
714 2673 818 2757 pridie
833 2673 905 2737 Kal.
922 2672 1052 2757 Apriles

148 2775 206 2840 On.
220 2775 363 2839 Domitio
389 2775 424 2840 O.
443 2775 533 2839 Sosio
555 2775 736 2839 consulibus
761 2775 906 2840 decessit.
940 2774 1086 2843 Elatus4

148 2879 251 2944 estin
273 2877 431 2960 lecticula,
461 2884 498 2941 ut
519 2879 588 2963 ipse
610 2878 875 2963 praescripserat,
898 2878 965 2943 sine
989 2877 1054 2940 ulla

147 3002 268 3068 pompa
288 2981 418 3061 funeris,
441 2980 666 3044 comitantibus
690 2981 836 3044 omnibus
857 2980 961 3063 bonis,
986 3001 1054 3042 ma·

148 3087 237 3150 xima
257 3085 346 3167 vulgi
376 3085 565 3169 frequentia.
610 3084 760 3169 Sepultus
788 3091 837 3148 est
858 3084 949 3147 iuxta
970 3084 1054 3146 viam

150 3189 289 3275 Appiam
318 3188 359 3252 ad
387 3190 533 3273 quintum
554 3188 695 3273 lapidem
725 3189 760 3250 in
781 3191 991 3251 monumento
1015 3185 1054 3258 Q.

153 3292 293 3373 Caecilii,
316 3293 463 3357 avunculi
486 3292 544 3355 sui.

500 3436 704 3454 ——n§—
