2400 3848
173 250 211 305 32
467 247 517 286 vu
535 246 714 286 mammons.
735 246 753 285 a
766 245 786 285 s.

176 396 287 458 aetatis
310 416 386 459 suae
409 395 509 458 multo
533 394 796 476 formosissimus,
829 391 871 455 ad
895 412 1005 455 omnes
1027 411 1081 455 res

175 503 267 582 aptus
290 499 474 582 consiliique
497 499 611 584 plenus
641 496 790 582 (namque
819 497 994 581 imperator
1020 495 1082 558 fuit

173 623 316 665 summus
339 603 474 666 otmari
497 606 530 665 et
551 601 661 683 terra),
690 601 835 683 disertus,
858 606 894 663 ut
915 600 947 662 in
969 598 1081 684 primis

169 703 311 767 'dicendo
341 705 479 787 valeret,
510 705 596 789 quod
626 709 715 767 tanta
744 709 813 768 erat
842 700 1080 766 commendatio

176 808 238 872 oris
261 813 355 894 atque
373 809 533 892 orationis,
556 814 592 872 ut
614 829 709 872 nemo
733 808 765 872 ei
786 811 896 891 posset
913 805 1081 886 resistere3

138 932 152 970 a
176 909 280 993 dires3
304 932 377 975 cum
399 919 525 996 tempus
547 917 712 997 posceret,
735 910 922 993 laboriosus,
944 908 1081 995 patiens,

173 1005 329 1097 liberalis3
351 1016 537 1100 splendidus
552 1036 618 1080 non
633 1017 736 1079 minus
750 1015 783 1077 in
795 1013 860 1077 vita
877 1033 972 1097 quam
982 1013 1080 1094 uictu,

175 1117 335 1202 adfabilis,
366 1119 516 1202 blandus,
549 1119 747 1204 temporibus
779 1117 980 1181 callidissime
1013 1136 1080 1179 ser-

138 1221 279 1285 4111111
309 1221 412 1305 idem,
437 1223 646 1304 simulasse
669 1221 836 1289 remiserat
856 1241 962 1306 neque
986 1229 1080 1294 causa

111 1373 112 1376 ,
174 1323 311 1415 superat,
336 1346 433 1410 quare
457 1325 554 1389 animi
578 1324 724 1390 laborem
746 1325 913 1410 perferret,
937 1324 1079 1387 luxurio·

174 1448 235 1510 sus,
260 1427 449 1511 dissolutus,
471 1428 675 1512 libidinosus,
698 1410 915 1512 intemperans
937 1427 1080 1512 reperie-

174 1529 282 1614 batur,
315 1536 351 1594 ut
385 1552 496 1595 omnes
527 1531 760 1595 admirarentur
790 1532 824 1595 in
854 1552 917 1595 uno
948 1531 1080 1595 homine

173 1637 294 1696 tantam
332 1655 401 1698 esse
437 1633 726 1699 dissimilitudinem
756 1642 884 1720 tamque
922 1634 1080 1698 diversam

174 1741 328 1800 naturam.

139 1870 150 1905 1
238 1838 282 1901 Il.
312 1839 474 1903 Educatus
505 1845 554 1903 est
584 1840 614 1902 in
640 1840 737 1904 domo
760 1840 880 1904 Pericli
903 1839 1081 1925 (privignus

176 1943 260 2006 enim
296 1944 364 2007 eius
400 1943 496 2008 fuisse
528 1942 674 2026 dicitur),
714 1943 855 2008 emditus
887 1963 907 2007 a
937 1942 1079 2006 Socrate.

175 2047 328 2111 Socerum
361 2046 472 2110 habuit
504 2045 740 2131 Hipponicum,
780 2046 921 2110 omnium
956 2045 1081 2109 Graeca

134 2234 136 2239 Ι
175 2151 283 2233 lingua
313 2151 513 2234 loquentium
546 2149 750 2232 ditissimum,
783 2155 834 2232 ut,
866 2150 893 2212 si
921 2148 991 2233 ipse
1020 2147 1079 2211 fin·
1146 2139 1151 2147 ’

134 2250 138 2327 l
175 2274 252 2336 gere
284 2254 398 2336 vellet,
436 2274 540 2337 neque
578 2253 669 2337 plura
701 2253 787 2316 bona
817 2272 921 2336 neque
959 2252 1081 2315 maiora

126 2378 128 2383 ·
176 2361 284 2438 posset
306 2357 457 2440 consequi
479 2376 574 2439 quam
595 2356 647 2419 vel
666 2362 779 2419 natura
800 2356 852 2419 rel
874 2356 1000 2418 fortuna
1023 2357 1079 2419 tri-

176 2460 297 2523 buerat.

141 2589 151 2625 1
239 2562 301 2625 ΠΙ.
329 2562 422 2626 Β1111
446 2562 682 2647 Peloponnesio
712 2564 805 2628 huius
829 2564 960 2627 consilio
984 2569 1079 2645 atque

177 2666 362 2730 auctoritate
394 2665 609 2731 Athenienses
642 2667 763 2731 bellum
794 2667 998 2752 Syracusanis
1031 2667 1079 2729 in-

178 2770 341 2853 dixerunt:
372 2771 414 2833 ad
442 2771 529 2856 quod
551 2771 728 2856 gerendum
754 2771 823 2856 ipse
848 2770 914 2834 dux
937 2770 1080 2835 delectus

108 2920 110 2929 1
178 2882 244 2961 ost,
282 2876 345 2940 duo
383 2883 553 2959 praeterea
593 2876 737 2961 collegae
777 2878 861 2961 dati,
901 2879 1010 2943 Nicias
1048 2888 1082 2945 et

142 2979 364 3043 aLamdchus.
402 2978 442 3041 Id
466 3000 537 3042 cum
553 2985 771 3064 appararetur,
794 2981 978 3064 priusquam
1001 2984 1081 3047 clas-

177 3084 219 3145 sis
252 3083 371 3163 exiret,
403 3081 533 3164 accidit,
566 3088 602 3145 ut
632 3104 696 3146 una
726 3088 820 3147 nocte
854 3105 965 3148 omnes
995 3084 1080 3149 Her·

177 3205 266 3266 mae,
296 3185 349 3268 qui
377 3185 409 3247 in
440 3185 560 3269 oppido
591 3191 698 3268 erant,
731 3185 932 3251 deicerentur
953 3193 1082 3271 praeter

176 3308 291 3369 unum,
316 3284 465 3370 quiante
488 3289 616 3351 ianuam
640 3293 709 3353 erat
731 3287 921 3354 Andocidis.
966 3290 1081 3374 Itaque

177 3391 232 3453 illo
268 3395 382 3474 postea
412 3390 590 3454 Mercurius
622 3389 800 3455 Andocidis
831 3392 989 3456 vocitatus
1021 3401 1080 3458 est.
