2400 3848
162 255 180 310 2
207 307 209 311 ,
489 253 732 294 summensi

128 426 140 463 s
161 397 286 482 Magnis
316 399 350 462 in
372 398 519 462 laudibus
542 404 612 464 tota
633 401 701 465 fere
724 400 784 464 fuit
807 399 944 464 Graecia
964 398 1069 462 victo·

160 522 230 566 rem
260 501 428 588 Olympiae
457 503 561 586 citari,
589 504 623 567 in
652 524 801 567 scaenam
828 523 906 567 vero
936 500 1068 585 prodire

161 626 199 669 ac
220 607 341 691 populo
361 627 430 671 esse
446 607 628 692 spectaculo
645 608 766 671 nemini
787 607 821 670 in
843 605 965 670 eisdem
987 624 1068 687 gen-

161 708 245 772 tibus
283 709 343 771 fuit
374 708 574 794 turpitudini.
621 708 711 783 Quae
746 709 853 774 omnia
886 706 971 793 apud
1007 725 1068 770 nos

74 857 76 860 -
156 814 278 898 partim
306 813 436 878 infamia
464 812 580 897 partim
611 811 743 875 humilia
772 816 866 894 atque
896 810 935 873 ab
965 810 1067 874 hone-

130 921 245 980 sstate
267 921 393 979 remota
413 921 586 1000 ponuntur.
632 913 752 979 Contra
774 916 928 998 pleraque
951 911 1069 976 nostris

161 1015 303 1079 moribus
325 1022 399 1080 sunt
423 1015 549 1100 decora,
573 1038 654 1103 quae
678 1018 764 1105 apud
785 1019 858 1082 illos
879 1017 986 1102 turpia
1006 1037 1066 1099 pu-

161 1123 279 1182 tantur.
325 1119 430 1193 ouem
457 1123 543 1185 enim
564 1121 786 1186 Romanorum
807 1121 910 1206 pudet
930 1138 1067 1182 uxorem

164 1220 280 1287 ducere
303 1224 337 1287 in
359 1226 562 1290 convivium?
586 1232 641 1289 aut
659 1228 747 1290 cuius
768 1246 834 1289 non
857 1228 959 1288 mater
975 1221 1066 1286 fami-

162 1325 221 1388 lias
243 1328 380 1411 primum
402 1329 509 1392 locum
531 1334 622 1392 tenet
643 1327 773 1393 aedium
801 1333 897 1413 atque
926 1328 960 1390 in
983 1324 1066 1389 cele·

130 1461 142 1498 τ
162 1429 278 1494 britate
294 1432 462 1495 versatur?
486 1430 582 1504 Quod
596 1434 697 1495 multo
712 1433 748 1496 fit
763 1432 856 1496 aliter
873 1431 907 1494 in
922 1427 1067 1493 Graecia.

164 1534 248 1623 Nam
269 1556 374 1620 neque
396 1535 431 1600 in
453 1537 635 1601 convivium
657 1537 826 1601 adhibetur
854 1534 916 1599 nisi
936 1531 1067 1618 propin-

166 1658 301 1721 quorum
315 1659 420 1724 neque
432 1638 525 1704 sedet
538 1641 600 1704 nisi
613 1640 647 1703 in
661 1639 814 1704 interiore
823 1643 915 1725 parte
927 1636 1067 1717 aedium,

165 1761 246 1823 quae
269 1742 490 1824 gynaeconitis
513 1744 707 1828 appellatur,
739 1763 801 1826 quo
824 1763 920 1806 nemo
944 1739 1069 1804 accedit

130 1845 226 1917 anisi
252 1846 432 1930 propinqua
461 1847 652 1930 cognatione
682 1848 878 1910 coniunctus.
923 1843 988 1909 Sed
1015 1843 1067 1906 hic

163 1948 256 2032 plura
269 1950 420 2033 persequi
442 1970 514 2012 eum
528 1948 716 2032 magnitudo
732 1949 902 2014 voluminis
917 1946 1067 2031 prohibet

164 2055 232 2114 tum
246 2051 419 2136 festinatio,
441 2058 478 2116 ut
493 2074 533 2118 ea
547 2053 716 2139 explicem,
740 2074 820 2139 quae
838 2072 971 2116 exorsus
986 2071 1065 2112 sum.

165 2153 270 2227 Quare
294 2155 335 2219 ad
356 2157 557 2242 propositum
579 2158 744 2222 veniemus
770 2162 803 2220 et
824 2157 858 2219 in
879 2155 941 2217 hoc
964 2173 1065 2236 expo-

164 2277 276 2324 nemus
305 2259 386 2323 libro
416 2259 456 2324 de
487 2262 554 2324 vita
576 2259 804 2325 excellentium
826 2259 1064 2342 imperatorum.

598 2587 616 2651 I

471 2726 750 2800 MILTIADES.

131 2912 141 2950 1
227 2879 254 2944 I.
285 2878 518 2964 Miltiades,
557 2880 736 2945 Cimonis
773 2880 904 2963 filius,
941 2877 1064 2943 Athe-

164 2982 319 3045 niensis
352 3001 425 3045 cum
457 2988 490 3047 et
521 2983 709 3069 antiquitate
742 2985 869 3068 generis
899 2989 932 3048 et
962 2983 1066 3067 gloria

163 3086 320 3149 maiorum
343 3091 376 3149 et
397 3107 456 3150 sua
476 3086 637 3151 modestia
657 3109 738 3152 unus
762 3089 903 3152 omnium
924 3089 1064 3151 maxime

164 3190 293 3253 floreret
322 3210 423 3274 eaque
454 3197 539 3256 esset
561 3196 685 3275 aetate,
715 3197 751 3254 ut
781 3211 848 3254 non
874 3192 940 3254 iam
961 3191 1064 3254 solum

166 3291 205 3355 de
237 3313 282 3356 eo.
309 3293 390 3357 bene
414 3316 561 3379 sperare,
590 3294 649 3359 sed
678 3295 774 3359 etiam
797 3293 957 3359 confidere
981 3293 1065 3357 cives

164 3402 295 3480 possent
310 3384 373 3477 (sui
394 3399 493 3462 talem
516 3421 591 3464 eum
612 3399 769 3481 futurum,
800 3398 927 3482 qualem
956 3396 1065 3480 cogni·
