2400 3848
451 277 476 318 :a
496 276 574 316 mou.
594 277 645 315 aa
680 282 687 290 ,
964 277 1000 334 51

92 429 234 514 colloqui
264 427 304 490 de
327 424 495 510 partiendo
518 446 638 508 regno,
668 425 755 510 quod
784 424 903 489 sororis
925 445 1001 488 suae

92 534 177 597 filios
201 553 244 594 ex
265 531 319 592 illo
343 535 436 592 natos
458 534 582 612 partem
613 530 706 612 regni
728 528 861 614 putabat
884 527 1001 591 debere

94 636 224 698 habere.
269 632 309 696 Id
331 631 448 696 medici
474 653 539 695 non
561 637 729 696 tacuerunt
759 639 793 697 et
815 633 856 695 ad
876 631 1001 715 Diony·
1023 657 1036 694 a

93 739 177 802 sium
200 737 299 800 filium
314 757 496 801 sermonem
512 739 712 802 rettulerunt.
748 737 819 811 Quo
843 737 897 800 ille
915 757 1001 799 com-

95 847 219 922 motus,
256 861 297 904 ne
329 840 447 923 agendi
479 846 563 904 esset
592 841 692 904 Dioni
720 847 883 925 potestas,
920 839 1002 923 patri

93 964 246 1028 soporem
261 942 404 1006 medicos
422 943 497 1006 dare
515 946 630 1027 coegit.
670 945 744 1008 Hoc
760 966 858 1028 aeger
874 948 1000 1028 sumpto

93 1048 216 1133 sopitus
241 1046 326 1111 diem
351 1048 428 1110 obiit
451 1068 644 1131 supremum.

158 1148 219 1212 ΠΙ.
250 1149 327 1211 Tale
356 1149 480 1212 initium
509 1149 568 1212 fuit
589 1150 704 1213 Dionis
735 1158 767 1214 et
789 1149 937 1234 Dionysii
960 1147 1036 1220 si-1

95 1252 237 1315 multatis
261 1273 362 1336 eaque
378 1254 487 1316 multis
502 1253 598 1316 rebus
614 1258 707 1317 aucta
723 1259 780 1318 est.
814 1252 880 1318 Sed
894 1258 1003 1315 tamen

95 1356 204 1440 primis
233 1357 429 1439 temporibus
453 1356 648 1439 aliquamdiu
671 1357 819 1419 simulata
840 1356 924 1418 inter
946 1374 1003 1417 eos

93 1457 234 1521 amicitia
262 1458 386 1522 mansit.
433 1459 514 1550 Cum
535 1460 623 1523 Dion
651 1481 717 1524 non
748 1459 915 1523 desisteret
944 1456 1001 1520 ob-

93 1582 220 1626 secrare
243 1561 451 1647 Dionysium,
481 1570 517 1627 ut
538 1563 708 1629 Platonem
730 1562 867 1627 Athenis
897 1581 1000 1624 arces-

94 1669 182 1727 seret
205 1669 237 1728 et
259 1665 327 1727 eius
345 1665 483 1728 consiliis
499 1671 652 1747 uteretur,
675 1667 740 1749 ille,
765 1667 818 1752 qui
840 1667 872 1728 in
896 1665 1002 1747 aliqua

95 1790 130 1831 re
152 1769 252 1832 vellet
273 1776 397 1853 patrem
420 1771 553 1854 imitari,
583 1793 706 1837 morem
730 1773 760 1836 ei
781 1771 890 1855 gessit.
935 1770 1000 1833 Eo·
1023 1799 1036 1838 r

95 1872 234 1955 demque
262 1879 407 1956 tempore
431 1875 599 1938 Philistum
620 1875 807 1939 historicum
831 1875 1002 1959 Syracusas

96 1974 243 2055 reduxit,
275 1975 439 2039 hominem
471 1978 608 2040 amicum
638 1999 704 2041 non
734 1977 836 2060 magis
866 1982 1001 2061 tyranno

96 2097 192 2160 quarn
214 2076 384 2161 tyrannidi.
430 2077 496 2142 Sed
525 2078 565 2142 de
588 2080 704 2142 hocin
738 2100 776 2144 eo
806 2080 887 2142 libro
911 2079 1003 2162 plura

95 2184 170 2242 sunt
186 2180 342 2264 exposita,
367 2181 420 2264 qui
437 2180 476 2244 de
492 2181 649 2245 historicis
662 2181 793 2259 Graecis
807 2182 1002 2265 conscriptus

95 2290 156 2347 est.
200 2282 294 2346 Plato
319 2290 426 2348 autem
441 2289 564 2347 tantum
580 2284 665 2368 apud
679 2284 871 2369 Dionysium
892 2289 1001 2346 aucto·
1024 2313 1037 2351 a

95 2387 189 2449 ritate
204 2387 309 2469 potuit
323 2387 484 2471 valuitque
502 2387 694 2471 eloquentia,
718 2393 754 2450 ut
769 2387 800 2450 ei
810 2386 1003 2470 persuaserit

96 2486 272 2572 tyrannidis
309 2487 414 2552 facere
451 2489 546 2553 finem
583 2490 828 2575 libertatemque
864 2489 1001 2554 reddere

95 2589 316 2672 Syracusanis:
354 2611 373 2652 a
407 2612 469 2674 qua
506 2593 671 2656 voluntate
707 2592 831 2656 Philisti
869 2592 1001 2657 consilio

96 2691 268 2755 deterritus
292 2694 453 2778 aliquanto
478 2696 637 2760 crudelior
661 2718 730 2760 esse
754 2697 870 2780 coepit.

162 2794 221 2859 IV.
253 2796 314 2869 Qui
345 2799 474 2882 quidem
507 2821 579 2863 cum
608 2820 627 2862 a
654 2799 761 2863 Dione
793 2821 827 2862 se
861 2797 1037 2884 superari1

97 2898 222 2962 videret
237 2899 376 2982 ingenio,
393 2904 592 2985 auctoritate,
610 2924 718 2966 amore
734 2903 854 2986 populi,
876 2922 1002 2984 verens,

97 3020 155 3081 ne,
184 3001 211 3062 si
233 3022 306 3064 eum
329 3023 437 3066 secum
459 3005 609 3086 haberet,
640 3006 778 3088 aliquam
802 3006 1002 3067 occasionem

96 3103 147 3166 sui
170 3102 262 3166 daret
285 3104 503 3189 opprimendi,
527 3128 642 3170 navem
666 3108 696 3171 ei
718 3108 882 3170 triremem
904 3106 1001 3189 dedit,

97 3225 160 3290 qua
195 3204 384 3270 Corinthum
421 3208 650 3292 deveheretur,
690 3211 861 3274 ostendens
898 3233 932 3276 se
969 3212 1003 3274 id

98 3307 262 3391 utriusque
278 3308 383 3373 iacere
400 3331 504 3389 causa,
526 3333 578 3396 ne,
602 3333 674 3376 cum
688 3314 771 3378 inter
793 3334 827 3377 se
843 3315 1002 3399 timerent,

97 3409 251 3472 alteruter
275 3411 410 3475 alterum
425 3421 684 3499 praeoccuparet.
728 3415 768 3479 Id
791 3437 862 3481 cum
884 3418 1002 3483 factum
1025 3453 1038 3493 2
