2400 3848
170 227 225 285 126
445 225 526 266 xxm.
546 224 704 264 HANNIBAL.
723 223 742 266 9.
755 224 787 264 10.

167 395 305 459 namque
321 375 376 438 alii
389 375 565 458 naufragio,
588 374 641 438 alii
663 395 683 438 a
705 373 837 439 servulis
859 373 958 458 ipsius
974 372 1073 438 inter-

131 479 287 544 efectum
326 500 401 545 cum
442 480 595 563 scripturn
631 479 838 563 reliquerunt.
893 476 1074 542 Antiochus

166 587 292 664 autem,
326 581 354 645 si
382 587 449 645 tam
479 582 676 664 ingerendo
710 582 795 646 bello
828 582 967 652 consiliis
1006 581 1074 646 cius

165 706 279 770 parere
301 685 457 750 voluisset
479 706 574 771 quam
596 687 630 749 in
657 685 859 770 suscipiendo
883 687 1074 766 instituerat,

166 791 297 875 propius
311 789 419 854 Tiberi
443 812 537 875 quam
555 791 779 876 Thermopylis
804 792 843 856 de
867 812 992 855 summa
1012 791 1073 854 im-

164 895 246 979 perii
277 893 468 958 dimicasset.
514 894 619 968 Quem
643 896 703 960 etsi
724 895 825 959 multa
847 897 943 960 stulte
966 894 1075 959 conari

131 996 311 1080 4vidcbat,
344 1002 452 1061 tamen
483 998 572 1062 nulla
602 997 744 1063 deseruit
775 999 809 1062 in
838 1020 885 1063 re.
929 997 1075 1063 Praefuit

165 1101 274 1185 paucis
288 1101 431 1185 navibus,
455 1123 532 1187 quas
549 1124 590 1167 ex
605 1102 696 1186 Syria
710 1102 813 1166 iussus
830 1106 898 1166 erat
912 1102 945 1166 in
960 1101 1074 1165 Asiam

166 1204 300 1287 ducere,
328 1206 430 1291 iisque
460 1207 613 1271 adversus
643 1204 847 1269 Rhodiorum
877 1205 1011 1269 classem
1040 1205 1075 1268 in

164 1307 355 1394 Pamphylio
387 1310 467 1374 mari
500 1309 660 1374 conflixit:
700 1328 835 1393 cumque
868 1306 1073 1372 multitudine

165 1411 418 1477 adversariorum
442 1412 491 1476 sui
512 1417 755 1497 superarentur,
778 1411 863 1495 ipse,
887 1431 949 1495 quo
973 1430 1074 1491 cornu

164 1536 234 1580 rem
256 1517 366 1599 gessit,
387 1515 448 1578 fuit
470 1515 624 1599 superior.

130 1634 141 1672 1
228 1617 288 1682 IX.
317 1617 479 1682 Antiocho
512 1618 622 1701 fugato
653 1638 784 1700 verens,
814 1639 856 1682 ne
889 1617 1073 1700 dederetur,

165 1721 252 1807 quod
275 1723 344 1786 sine
367 1721 463 1787 dubio
487 1722 671 1806 accidisset,
700 1724 727 1786 si
757 1723 806 1786 sui
829 1723 957 1787 fecisset
978 1727 1073 1807 pote-

164 1829 289 1907 statem,
318 1823 447 1889 Cretam
470 1824 511 1889 ad
536 1825 711 1909 Gortynios
733 1826 837 1909 venit,
865 1832 902 1889 ut
923 1825 984 1908 ibi,
1007 1845 1072 1910 quo

130 1943 198 1994 ase
222 1928 390 2010 conferret,
413 1928 640 1994 consideraret.
684 1929 776 1993 Vidit
799 1935 907 1993 autem
930 1930 980 1993 vir
1003 1949 1072 1992 om·

163 2032 252 2095 nium
266 2032 489 2097 callidissimus
510 2033 544 2097 in
559 2054 675 2117 magno
693 2055 733 2127 se
749 2035 818 2098 fore
834 2033 989 2117 periculo,
1011 2021 1074 2095 nisi

165 2135 241 2221 quid
263 2136 473 2221 providisset,
502 2142 634 2221 propter
664 2137 828 2200 avaritiam
853 2135 1072 2199 Cretensium:

163 2260 313 2322 magnam
336 2241 422 2304 enim
445 2260 555 2303 secum
576 2240 745 2325 pecuniam
765 2238 921 2323 portabat,
946 2237 986 2301 de
1010 2257 1074 2320 qua

130 2359 142 2397 ³
164 2343 284 2406 sciebat
300 2343 404 2406 exisse
421 2344 547 2406 famam.
583 2343 697 2427 Itaque
714 2344 799 2427 capit
813 2343 877 2425 tale
894 2341 1071 2406 consilium.

164 2443 347 2528 Amphoras
370 2446 550 2530 complures
581 2446 724 2529 complet
752 2446 901 2529 plumbo,
932 2463 1072 2507 summas

165 2547 269 2631 operit
291 2566 367 2609 auro
401 2551 434 2610 et
456 2553 599 2631 argento.
644 2548 712 2612 Has
735 2548 955 2632 praesentibus
984 2549 1071 2632 prin-

165 2649 287 2733 cipibus
320 2648 453 2733 deponit
482 2651 515 2713 in
544 2651 665 2734 templo
697 2651 822 2715 Dianae
853 2651 1005 2714 simulans
1036 2671 1072 2715 se

165 2775 236 2817 suas
252 2754 395 2819 fortunas
406 2753 536 2817 illorum
550 2754 626 2817 fidei
639 2754 780 2819 credere.
803 2753 864 2817 His
879 2754 913 2817 in
929 2774 1072 2818 errorem

164 2857 301 2921 inductis
335 2862 455 2920 statuas
488 2861 621 2938 aeneas,
659 2878 736 2941 quas
774 2879 882 2921 secum
912 2858 1071 2942 portabat,

166 2961 253 3024 omni
280 2981 338 3023 sua
364 2960 500 3043 pecunia
531 2960 671 3043 complet
699 2980 816 3044 easque
845 2960 878 3022 in
900 2960 1070 3043 propatulo

130 3081 143 3118 4
167 3063 253 3127 domi
276 3062 381 3126 abicit.
427 3061 576 3146 Gortynii
601 3062 757 3147 templum
780 3082 896 3144 magna
919 3083 994 3125 eura
1016 3083 1071 3125 cu-

165 3168 308 3231 stodiunt
336 3187 403 3230 non
433 3171 499 3229 tam
522 3186 541 3227 a
564 3166 676 3229 ceteris
699 3185 795 3249 quam
817 3164 856 3226 ab
880 3163 1070 3246 Hannibale,

164 3292 205 3335 ne
229 3272 283 3334 ille
307 3270 511 3334 inscientibus
534 3269 572 3331 iis
596 3269 725 3333 tolleret
740 3288 910 3351 secumque
928 3267 1070 3331 duceret.

131 3398 142 3436 1
229 3373 272 3436 X.
301 3373 353 3436 sic
375 3372 570 3436 conservatis
599 3373 663 3436 suis
695 3373 790 3436 rebus
812 3373 941 3436 Poenus
970 3371 1072 3434 illusis
