<?xml version="1.0" encoding="UTF-8"?>
<!DOCTYPE html PUBLIC "-//W3C//DTD XHTML 1.0 Transitional//EN"
    "http://www.w3.org/TR/xhtml1/DTD/xhtml1-transitional.dtd">
<html xmlns="http://www.w3.org/1999/xhtml" xml:lang="en" lang="en">
 <head>
  <title>
</title>
<meta http-equiv="Content-Type" content="text/html;charset=utf-8" />
  <meta name='ocr-system' content='tesseract 3.04.00' />
  <meta name='ocr-capabilities' content='ocr_page ocr_carea ocr_par ocr_line ocrx_word'/>
</head>
<body>
  <div class='ocr_page' id='page_1' title='image "./corneliinepotis15nepogoog_0090.png"; bbox 0 0 2400 3848; ppageno 0'>
   <div class='ocr_carea' id='block_1_1' title="bbox 405 220 1034 281">
    <p class='ocr_par' dir='ltr' id='par_1_1' title="bbox 405 220 1034 281">
     <span class='ocr_line' id='line_1_1' title="bbox 405 220 1034 281; baseline 0 -19"><span class='ocrx_word' id='word_1_1' title='bbox 405 221 452 262; x_wconf 79' lang='lat' dir='ltr'>XV.</span> <span class='ocrx_word' id='word_1_2' title='bbox 471 220 685 261; x_wconf 65' lang='lat' dir='ltr'>mammonam</span> <span class='ocrx_word' id='word_1_3' title='bbox 705 221 723 261; x_wconf 92' lang='lat'>1.</span> <span class='ocrx_word' id='word_1_4' title='bbox 737 221 756 262; x_wconf 67' lang='grc' dir='ltr'>Β.</span> <span class='ocrx_word' id='word_1_5' title='bbox 998 225 1034 281; x_wconf 76' lang='lat'>75</span> 
     </span>
    </p>
   </div>
   <div class='ocr_carea' id='block_1_2' title="bbox 128 368 1037 761">
    <p class='ocr_par' dir='ltr' id='par_1_2' title="bbox 128 368 1037 761">
     <span class='ocr_line' id='line_1_2' title="bbox 130 368 1035 453; baseline 0.002 -23"><span class='ocrx_word' id='word_1_6' title='bbox 130 389 200 430; x_wconf 91' lang='lat' dir='ltr'>sum</span> <span class='ocrx_word' id='word_1_7' title='bbox 234 368 318 433; x_wconf 89' lang='lat' dir='ltr'>ferro</span> <span class='ocrx_word' id='word_1_8' title='bbox 356 368 515 431; x_wconf 85' lang='lat' dir='ltr'>transfixit</span> <span class='ocrx_word' id='word_1_9' title='bbox 549 369 700 452; x_wconf 90' lang='lat' dir='ltr'>priusque</span> <span class='ocrx_word' id='word_1_10' title='bbox 738 389 832 452; x_wconf 90' lang='lat' dir='ltr'>quam</span> <span class='ocrx_word' id='word_1_11' title='bbox 870 369 1035 453; x_wconf 89' lang='lat' dir='ltr'>quisquam</span> 
     </span>
     <span class='ocr_line' id='line_1_3' title="bbox 128 470 1037 557; baseline 0.002 -24"><span class='ocrx_word' id='word_1_12' title='bbox 128 475 239 554; x_wconf 90' lang='lat' dir='ltr'>posset</span> <span class='ocrx_word' id='word_1_13' title='bbox 269 491 471 553; x_wconf 80' lang='lat' dir='ltr'>succurrere,</span> <span class='ocrx_word' id='word_1_14' title='bbox 502 471 671 536; x_wconf 87' lang='lat' dir='ltr'>interfecit.</span> <span class='ocrx_word' id='word_1_15' title='bbox 715 470 766 534; x_wconf 90' lang='lat' dir='ltr'>Ita</span> <span class='ocrx_word' id='word_1_16' title='bbox 798 472 852 535; x_wconf 90' lang='lat' dir='ltr'>ille</span> <span class='ocrx_word' id='word_1_17' title='bbox 883 473 949 554; x_wconf 82' lang='lat' dir='ltr'>vir,</span> <span class='ocrx_word' id='word_1_18' title='bbox 982 473 1037 557; x_wconf 90' lang='lat' dir='ltr'>qui</span> 
     </span>
     <span class='ocr_line' id='line_1_4' title="bbox 130 574 1035 660; baseline 0.001 -23"><span class='ocrx_word' id='word_1_19' title='bbox 130 575 248 638; x_wconf 89' lang='lat' dir='ltr'>multos</span> <span class='ocrx_word' id='word_1_20' title='bbox 271 576 413 655; x_wconf 88' lang='lat' dir='ltr'>consilio,</span> <span class='ocrx_word' id='word_1_21' title='bbox 437 577 599 640; x_wconf 92' lang='lat' dir='ltr'>neminem</span> <span class='ocrx_word' id='word_1_22' title='bbox 621 574 756 660; x_wconf 89' lang='lat' dir='ltr'>perfidia</span> <span class='ocrx_word' id='word_1_23' title='bbox 777 581 915 660; x_wconf 81' lang='lat' dir='ltr'>ceperat,</span> <span class='ocrx_word' id='word_1_24' title='bbox 939 576 1035 638; x_wconf 91' lang='lat' dir='ltr'>simu-</span> 
     </span>
     <span class='ocr_line' id='line_1_5' title="bbox 130 678 568 761; baseline 0.005 -21"><span class='ocrx_word' id='word_1_25' title='bbox 130 678 196 741; x_wconf 91' lang='lat' dir='ltr'>lata</span> <span class='ocrx_word' id='word_1_26' title='bbox 218 682 327 761; x_wconf 88' lang='lat' dir='ltr'>captus</span> <span class='ocrx_word' id='word_1_27' title='bbox 350 684 399 743; x_wconf 91' lang='lat' dir='ltr'>est</span> <span class='ocrx_word' id='word_1_28' title='bbox 422 679 568 747; x_wconf 89' lang='lat' dir='ltr'>amicitia.</span> 
     </span>
    </p>
   </div>
   <div class='ocr_carea' id='block_1_3' title="bbox 398 912 764 1126">
    <p class='ocr_par' dir='ltr' id='par_1_3' title="bbox 398 912 764 1126">
     <span class='ocr_line' id='line_1_6' title="bbox 544 912 619 977; baseline 0.027 -2"><span class='ocrx_word' id='word_1_29' title='bbox 544 912 619 977; x_wconf 89' lang='lat' dir='ltr'>XV.</span> 
     </span>
     <span class='ocr_line' id='line_1_7' title="bbox 398 1051 764 1126; baseline 0.005 -4"><span class='ocrx_word' id='word_1_30' title='bbox 398 1051 764 1126; x_wconf 81' lang='lat' dir='ltr'><strong>EPAMINONDAS.</strong></span> 
     </span>
    </p>
   </div>
   <div class='ocr_carea' id='block_1_4' title="bbox 131 1203 1077 1910">
    <p class='ocr_par' dir='ltr' id='par_1_4' title="bbox 131 1203 1077 1910">
     <span class='ocr_line' id='line_1_8' title="bbox 195 1203 1071 1289; baseline 0.005 -23"><span class='ocrx_word' id='word_1_31' title='bbox 195 1203 223 1266; x_wconf 91' lang='lat' dir='ltr'>I.</span> <span class='ocrx_word' id='word_1_32' title='bbox 254 1203 571 1287; x_wconf 86' lang='lat' dir='ltr'>Epaminondas,</span> <span class='ocrx_word' id='word_1_33' title='bbox 609 1204 871 1288; x_wconf 79' lang='lat' dir='ltr'>Polymnidis</span> <span class='ocrx_word' id='word_1_34' title='bbox 908 1207 1071 1289; x_wconf 80' lang='lat' dir='ltr'>filius,1</span> 
     </span>
     <span class='ocr_line' id='line_1_9' title="bbox 131 1306 1038 1391; baseline 0.004 -23"><span class='ocrx_word' id='word_1_35' title='bbox 131 1306 357 1370; x_wconf 81' lang='lat' dir='ltr'>Thebanus.</span> <span class='ocrx_word' id='word_1_36' title='bbox 402 1306 453 1369; x_wconf 91' lang='lat' dir='ltr'>De</span> <span class='ocrx_word' id='word_1_37' title='bbox 476 1307 539 1369; x_wconf 89' lang='lat' dir='ltr'>hoc</span> <span class='ocrx_word' id='word_1_38' title='bbox 554 1307 738 1391; x_wconf 83' lang='lat' dir='ltr'>priusquam</span> <span class='ocrx_word' id='word_1_39' title='bbox 760 1309 935 1390; x_wconf 90' lang='lat' dir='ltr'>scribimus,</span> <span class='ocrx_word' id='word_1_40' title='bbox 958 1309 1038 1372; x_wconf 91' lang='lat' dir='ltr'>haec</span> 
     </span>
     <span class='ocr_line' id='line_1_10' title="bbox 132 1408 1038 1493; baseline 0.004 -23"><span class='ocrx_word' id='word_1_41' title='bbox 132 1408 356 1493; x_wconf 89' lang='lat' dir='ltr'>praecipienda</span> <span class='ocrx_word' id='word_1_42' title='bbox 370 1408 520 1472; x_wconf 84' lang='lat' dir='ltr'>videntur</span> <span class='ocrx_word' id='word_1_43' title='bbox 535 1409 719 1493; x_wconf 87' lang='lat' dir='ltr'>lectoribus,</span> <span class='ocrx_word' id='word_1_44' title='bbox 736 1432 777 1474; x_wconf 89' lang='lat' dir='ltr'>ne</span> <span class='ocrx_word' id='word_1_45' title='bbox 794 1411 916 1474; x_wconf 89' lang='lat' dir='ltr'>alienos</span> <span class='ocrx_word' id='word_1_46' title='bbox 931 1432 1038 1475; x_wconf 89' lang='lat' dir='ltr'>mores</span> 
     </span>
     <span class='ocr_line' id='line_1_11' title="bbox 132 1512 1038 1599; baseline 0.004 -24"><span class='ocrx_word' id='word_1_47' title='bbox 132 1512 174 1575; x_wconf 91' lang='lat' dir='ltr'>ad</span> <span class='ocrx_word' id='word_1_48' title='bbox 197 1533 271 1575; x_wconf 90' lang='lat' dir='ltr'>suos</span> <span class='ocrx_word' id='word_1_49' title='bbox 287 1512 427 1577; x_wconf 91' lang='lat' dir='ltr'>referant</span> <span class='ocrx_word' id='word_1_50' title='bbox 441 1534 524 1577; x_wconf 86' lang='lat' dir='ltr'>neve</span> <span class='ocrx_word' id='word_1_51' title='bbox 548 1534 596 1596; x_wconf 89' lang='lat' dir='ltr'>ea,</span> <span class='ocrx_word' id='word_1_52' title='bbox 619 1536 699 1599; x_wconf 91' lang='lat' dir='ltr'>quae</span> <span class='ocrx_word' id='word_1_53' title='bbox 723 1517 798 1599; x_wconf 92' lang='lat' dir='ltr'>ipsis</span> <span class='ocrx_word' id='word_1_54' title='bbox 821 1516 944 1581; x_wconf 81' lang='lat' dir='ltr'>leviora</span> <span class='ocrx_word' id='word_1_55' title='bbox 956 1522 1038 1598; x_wconf 93' lang='lat' dir='ltr'>sunt,</span> 
     </span>
     <span class='ocr_line' id='line_1_12' title="bbox 132 1614 1073 1700; baseline 0.004 -23"><span class='ocrx_word' id='word_1_56' title='bbox 132 1614 312 1699; x_wconf 88' lang='lat' dir='ltr'>parimodo</span> <span class='ocrx_word' id='word_1_57' title='bbox 329 1614 415 1700; x_wconf 92' lang='lat' dir='ltr'>apud</span> <span class='ocrx_word' id='word_1_58' title='bbox 430 1623 555 1680; x_wconf 89' lang='lat' dir='ltr'>ceteros</span> <span class='ocrx_word' id='word_1_59' title='bbox 570 1618 667 1681; x_wconf 84' lang='lat' dir='ltr'>fuisse</span> <span class='ocrx_word' id='word_1_60' title='bbox 683 1619 885 1682; x_wconf 78' lang='lat' dir='ltr'>arbitrentur.</span> <span class='ocrx_word' id='word_1_61' title='bbox 916 1614 1039 1683; x_wconf 83' lang='lat' dir='ltr'>Scimus</span> <span class='ocrx_word' id='word_1_62' title='bbox 1060 1653 1073 1693; x_wconf 67' lang='lat'><em>9</em></span> 
     </span>
     <span class='ocr_line' id='line_1_13' title="bbox 133 1719 1039 1807; baseline 0.006 -26"><span class='ocrx_word' id='word_1_63' title='bbox 133 1719 219 1782; x_wconf 90' lang='lat' dir='ltr'>enim</span> <span class='ocrx_word' id='word_1_64' title='bbox 241 1720 383 1783; x_wconf 89' lang='lat' dir='ltr'>musicen</span> <span class='ocrx_word' id='word_1_65' title='bbox 411 1721 527 1784; x_wconf 87' lang='lat' dir='ltr'>nostris</span> <span class='ocrx_word' id='word_1_66' title='bbox 550 1722 692 1785; x_wconf 87' lang='lat' dir='ltr'>moribus</span> <span class='ocrx_word' id='word_1_67' title='bbox 715 1723 826 1786; x_wconf 90' lang='lat' dir='ltr'>abesse</span> <span class='ocrx_word' id='word_1_68' title='bbox 849 1743 868 1785; x_wconf 90' lang='lat' dir='ltr'>a</span> <span class='ocrx_word' id='word_1_69' title='bbox 889 1723 1039 1807; x_wconf 89' lang='lat' dir='ltr'>principis</span> 
     </span>
     <span class='ocr_line' id='line_1_14' title="bbox 132 1824 1077 1910; baseline 0.004 -25"><span class='ocrx_word' id='word_1_70' title='bbox 132 1843 288 1906; x_wconf 87' lang='lat' dir='ltr'>persona,</span> <span class='ocrx_word' id='word_1_71' title='bbox 312 1824 427 1888; x_wconf 89' lang='lat' dir='ltr'>saltare</span> <span class='ocrx_word' id='word_1_72' title='bbox 449 1844 527 1889; x_wconf 80' lang='lat' dir='ltr'>vero</span> <span class='ocrx_word' id='word_1_73' title='bbox 552 1825 649 1888; x_wconf 88' lang='lat' dir='ltr'>etiam</span> <span class='ocrx_word' id='word_1_74' title='bbox 671 1825 704 1887; x_wconf 92' lang='lat' dir='ltr'>in</span> <span class='ocrx_word' id='word_1_75' title='bbox 726 1826 810 1888; x_wconf 85' lang='lat' dir='ltr'>vitiis</span> <span class='ocrx_word' id='word_1_76' title='bbox 832 1826 924 1909; x_wconf 90' lang='lat' dir='ltr'>poni:</span> <span class='ocrx_word' id='word_1_77' title='bbox 958 1846 1039 1910; x_wconf 90' lang='lat' dir='ltr'>quae</span> <span class='ocrx_word' id='word_1_78' title='bbox 1076 1861 1077 1864; x_wconf 16' lang='grc' dir='ltr'><strong>κ</strong></span> 
     </span>
    </p>
   </div>
   <div class='ocr_carea' id='block_1_5' title="bbox 132 1925 1072 3331">
    <p class='ocr_par' dir='ltr' id='par_1_5' title="bbox 132 1925 1072 2938">
     <span class='ocr_line' id='line_1_15' title="bbox 134 1925 1040 2010; baseline 0.002 -22"><span class='ocrx_word' id='word_1_79' title='bbox 134 1925 241 1989; x_wconf 92' lang='lat' dir='ltr'>omnia</span> <span class='ocrx_word' id='word_1_80' title='bbox 271 1925 357 2009; x_wconf 90' lang='lat' dir='ltr'>apud</span> <span class='ocrx_word' id='word_1_81' title='bbox 389 1925 530 1990; x_wconf 80' lang='lat' dir='ltr'>Graecos</span> <span class='ocrx_word' id='word_1_82' title='bbox 562 1933 596 1990; x_wconf 90' lang='lat' dir='ltr'>et</span> <span class='ocrx_word' id='word_1_83' title='bbox 626 1933 718 2010; x_wconf 91' lang='lat' dir='ltr'>grata</span> <span class='ocrx_word' id='word_1_84' title='bbox 748 1932 781 1990; x_wconf 88' lang='lat' dir='ltr'>et</span> <span class='ocrx_word' id='word_1_85' title='bbox 815 1927 909 1990; x_wconf 90' lang='lat' dir='ltr'>laude</span> <span class='ocrx_word' id='word_1_86' title='bbox 944 1926 1040 2010; x_wconf 92' lang='lat' dir='ltr'>digna</span> 
     </span>
     <span class='ocr_line' id='line_1_16' title="bbox 134 2028 1072 2113; baseline 0.002 -22"><span class='ocrx_word' id='word_1_87' title='bbox 134 2028 301 2092; x_wconf 90' lang='lat' dir='ltr'>ducuntur.</span> <span class='ocrx_word' id='word_1_88' title='bbox 342 2029 423 2092; x_wconf 81' lang='lat' dir='ltr'>Cum</span> <span class='ocrx_word' id='word_1_89' title='bbox 439 2036 547 2092; x_wconf 91' lang='lat' dir='ltr'>autem</span> <span class='ocrx_word' id='word_1_90' title='bbox 560 2030 742 2113; x_wconf 87' lang='lat' dir='ltr'>exprimere</span> <span class='ocrx_word' id='word_1_91' title='bbox 766 2030 940 2112; x_wconf 82' lang='lat' dir='ltr'>imaginem</span> <span class='ocrx_word' id='word_1_92' title='bbox 963 2050 1038 2093; x_wconf 86' lang='lat' dir='ltr'>con·</span> <span class='ocrx_word' id='word_1_93' title='bbox 1061 2064 1072 2102; x_wconf 70' lang='lat'>³</span> 
     </span>
     <span class='ocr_line' id='line_1_17' title="bbox 133 2131 1039 2216; baseline -0.001 -21"><span class='ocrx_word' id='word_1_94' title='bbox 133 2131 310 2195; x_wconf 87' lang='lat' dir='ltr'>suetudinis</span> <span class='ocrx_word' id='word_1_95' title='bbox 326 2136 421 2215; x_wconf 91' lang='lat' dir='ltr'>atque</span> <span class='ocrx_word' id='word_1_96' title='bbox 436 2132 521 2194; x_wconf 81' lang='lat' dir='ltr'>vitae</span> <span class='ocrx_word' id='word_1_97' title='bbox 540 2132 674 2195; x_wconf 86' lang='lat' dir='ltr'>velimus</span> <span class='ocrx_word' id='word_1_98' title='bbox 689 2132 942 2216; x_wconf 83' lang='lat' dir='ltr'>Epaminondae,</span> <span class='ocrx_word' id='word_1_99' title='bbox 962 2133 1039 2196; x_wconf 88' lang='lat' dir='ltr'>nihil</span> 
     </span>
     <span class='ocr_line' id='line_1_18' title="bbox 133 2234 1040 2319; baseline -0.002 -20"><span class='ocrx_word' id='word_1_100' title='bbox 133 2235 280 2299; x_wconf 84' lang='lat' dir='ltr'>videmur</span> <span class='ocrx_word' id='word_1_101' title='bbox 310 2234 428 2298; x_wconf 91' lang='lat' dir='ltr'>debere</span> <span class='ocrx_word' id='word_1_102' title='bbox 459 2235 732 2318; x_wconf 84' lang='lat' dir='ltr'>praetermittere,</span> <span class='ocrx_word' id='word_1_103' title='bbox 764 2234 851 2319; x_wconf 90' lang='lat' dir='ltr'>quod</span> <span class='ocrx_word' id='word_1_104' title='bbox 879 2236 1040 2319; x_wconf 88' lang='lat' dir='ltr'>pertineat</span> 
     </span>
     <span class='ocr_line' id='line_1_19' title="bbox 132 2336 1071 2422; baseline 0 -21"><span class='ocrx_word' id='word_1_105' title='bbox 132 2338 175 2401; x_wconf 92' lang='lat' dir='ltr'>ad</span> <span class='ocrx_word' id='word_1_106' title='bbox 206 2361 278 2403; x_wconf 91' lang='lat' dir='ltr'>eam</span> <span class='ocrx_word' id='word_1_107' title='bbox 310 2338 544 2402; x_wconf 88' lang='lat' dir='ltr'>declarandam.</span> <span class='ocrx_word' id='word_1_108' title='bbox 590 2338 695 2411; x_wconf 86' lang='lat' dir='ltr'>Quare</span> <span class='ocrx_word' id='word_1_109' title='bbox 729 2336 870 2400; x_wconf 87' lang='lat' dir='ltr'>dicemus</span> <span class='ocrx_word' id='word_1_110' title='bbox 901 2339 1071 2422; x_wconf 54' lang='lat' dir='ltr'>primumi</span> 
     </span>
     <span class='ocr_line' id='line_1_20' title="bbox 135 2441 1041 2526; baseline 0.001 -22"><span class='ocrx_word' id='word_1_111' title='bbox 135 2442 174 2504; x_wconf 91' lang='lat' dir='ltr'>de</span> <span class='ocrx_word' id='word_1_112' title='bbox 204 2463 323 2526; x_wconf 86' lang='lat' dir='ltr'>genere</span> <span class='ocrx_word' id='word_1_113' title='bbox 347 2443 431 2524; x_wconf 91' lang='lat' dir='ltr'>eius,</span> <span class='ocrx_word' id='word_1_114' title='bbox 464 2441 582 2506; x_wconf 90' lang='lat' dir='ltr'>deinde</span> <span class='ocrx_word' id='word_1_115' title='bbox 611 2442 724 2525; x_wconf 91' lang='lat' dir='ltr'>quibus</span> <span class='ocrx_word' id='word_1_116' title='bbox 755 2441 928 2526; x_wconf 84' lang='lat' dir='ltr'>disciplinis</span> <span class='ocrx_word' id='word_1_117' title='bbox 960 2449 993 2506; x_wconf 89' lang='lat' dir='ltr'>et</span> <span class='ocrx_word' id='word_1_118' title='bbox 1021 2464 1041 2505; x_wconf 91' lang='lat' dir='ltr'>a</span> 
     </span>
     <span class='ocr_line' id='line_1_21' title="bbox 133 2543 1038 2629; baseline 0.001 -22"><span class='ocrx_word' id='word_1_119' title='bbox 133 2546 246 2628; x_wconf 90' lang='lat' dir='ltr'>quibus</span> <span class='ocrx_word' id='word_1_120' title='bbox 277 2546 318 2608; x_wconf 91' lang='lat' dir='ltr'>sit</span> <span class='ocrx_word' id='word_1_121' title='bbox 340 2544 499 2626; x_wconf 90' lang='lat' dir='ltr'>eruditus,</span> <span class='ocrx_word' id='word_1_122' title='bbox 530 2550 598 2607; x_wconf 92' lang='lat' dir='ltr'>tum</span> <span class='ocrx_word' id='word_1_123' title='bbox 622 2543 661 2607; x_wconf 91' lang='lat' dir='ltr'>de</span> <span class='ocrx_word' id='word_1_124' title='bbox 691 2543 832 2607; x_wconf 87' lang='lat' dir='ltr'>moribus</span> <span class='ocrx_word' id='word_1_125' title='bbox 854 2544 1038 2629; x_wconf 82' lang='lat' dir='ltr'>ingeniique</span> 
     </span>
     <span class='ocr_line' id='line_1_22' title="bbox 132 2649 1038 2733; baseline -0.001 -23"><span class='ocrx_word' id='word_1_126' title='bbox 132 2649 335 2711; x_wconf 88' lang='lat' dir='ltr'>facultatibus</span> <span class='ocrx_word' id='word_1_127' title='bbox 358 2654 391 2711; x_wconf 91' lang='lat' dir='ltr'>et</span> <span class='ocrx_word' id='word_1_128' title='bbox 420 2649 447 2711; x_wconf 91' lang='lat' dir='ltr'>si</span> <span class='ocrx_word' id='word_1_129' title='bbox 470 2670 532 2733; x_wconf 91' lang='lat' dir='ltr'>qua</span> <span class='ocrx_word' id='word_1_130' title='bbox 554 2649 616 2711; x_wconf 91' lang='lat' dir='ltr'>alia</span> <span class='ocrx_word' id='word_1_131' title='bbox 638 2649 793 2711; x_wconf 91' lang='lat' dir='ltr'>memoria</span> <span class='ocrx_word' id='word_1_132' title='bbox 816 2649 913 2732; x_wconf 90' lang='lat' dir='ltr'>digna</span> <span class='ocrx_word' id='word_1_133' title='bbox 935 2654 1038 2731; x_wconf 92' lang='lat' dir='ltr'>erunt,</span> 
     </span>
     <span class='ocr_line' id='line_1_23' title="bbox 132 2751 1038 2836; baseline -0.002 -22"><span class='ocrx_word' id='word_1_134' title='bbox 132 2759 295 2836; x_wconf 87' lang='lat' dir='ltr'>postremo</span> <span class='ocrx_word' id='word_1_135' title='bbox 320 2751 359 2814; x_wconf 93' lang='lat' dir='ltr'>de</span> <span class='ocrx_word' id='word_1_136' title='bbox 382 2752 477 2815; x_wconf 89' lang='lat' dir='ltr'>rebus</span> <span class='ocrx_word' id='word_1_137' title='bbox 496 2752 604 2834; x_wconf 90' lang='lat' dir='ltr'>gestis,</span> <span class='ocrx_word' id='word_1_138' title='bbox 629 2772 709 2836; x_wconf 89' lang='lat' dir='ltr'>quae</span> <span class='ocrx_word' id='word_1_139' title='bbox 733 2773 752 2814; x_wconf 91' lang='lat' dir='ltr'>a</span> <span class='ocrx_word' id='word_1_140' title='bbox 773 2751 918 2835; x_wconf 89' lang='lat' dir='ltr'>plurimis</span> <span class='ocrx_word' id='word_1_141' title='bbox 941 2751 1038 2813; x_wconf 92' lang='lat' dir='ltr'>animi</span> 
     </span>
     <span class='ocr_line' id='line_1_24' title="bbox 133 2855 570 2938; baseline -0.002 -21"><span class='ocrx_word' id='word_1_142' title='bbox 133 2860 370 2938; x_wconf 88' lang='lat' dir='ltr'>anteponuntur</span> <span class='ocrx_word' id='word_1_143' title='bbox 392 2855 570 2918; x_wconf 80' lang='lat' dir='ltr'>virtutibus.</span> 
     </span>
    </p>

    <p class='ocr_par' dir='ltr' id='par_1_6' title="bbox 132 2955 1070 3331">
     <span class='ocr_line' id='line_1_25' title="bbox 198 2955 1070 3041; baseline -0.003 -22"><span class='ocrx_word' id='word_1_144' title='bbox 198 2956 241 3019; x_wconf 90' lang='grc' dir='ltr'>Π.</span> <span class='ocrx_word' id='word_1_145' title='bbox 270 2957 372 3021; x_wconf 87' lang='lat' dir='ltr'>Natus</span> <span class='ocrx_word' id='word_1_146' title='bbox 394 2957 492 3041; x_wconf 86' lang='lat' dir='ltr'>igitur</span> <span class='ocrx_word' id='word_1_147' title='bbox 513 2963 622 3041; x_wconf 90' lang='lat' dir='ltr'>patre,</span> <span class='ocrx_word' id='word_1_148' title='bbox 654 2977 717 3041; x_wconf 90' lang='lat' dir='ltr'>quc</span> <span class='ocrx_word' id='word_1_149' title='bbox 741 2955 895 3035; x_wconf 82' lang='lat' dir='ltr'>diximus,</span> <span class='ocrx_word' id='word_1_150' title='bbox 918 2974 1036 3036; x_wconf 89' lang='lat' dir='ltr'>genere</span> <span class='ocrx_word' id='word_1_151' title='bbox 1059 2992 1070 3029; x_wconf 80' lang='lat'>1</span> 
     </span>
     <span class='ocr_line' id='line_1_26' title="bbox 132 3058 1035 3144; baseline -0.004 -21"><span class='ocrx_word' id='word_1_152' title='bbox 132 3061 287 3141; x_wconf 90' lang='lat' dir='ltr'>honesto,</span> <span class='ocrx_word' id='word_1_153' title='bbox 318 3080 439 3144; x_wconf 90' lang='lat' dir='ltr'>pauper</span> <span class='ocrx_word' id='word_1_154' title='bbox 469 3059 533 3122; x_wconf 87' lang='lat' dir='ltr'>iam</span> <span class='ocrx_word' id='word_1_155' title='bbox 565 3079 584 3121; x_wconf 91' lang='lat' dir='ltr'>a</span> <span class='ocrx_word' id='word_1_156' title='bbox 614 3058 787 3121; x_wconf 90' lang='lat' dir='ltr'>maioribus</span> <span class='ocrx_word' id='word_1_157' title='bbox 816 3058 946 3120; x_wconf 91' lang='lat' dir='ltr'>relictus</span> <span class='ocrx_word' id='word_1_158' title='bbox 978 3063 1035 3138; x_wconf 93' lang='lat' dir='ltr'>est,</span> 
     </span>
     <span class='ocr_line' id='line_1_27' title="bbox 133 3158 1035 3244; baseline -0.002 -18"><span class='ocrx_word' id='word_1_159' title='bbox 133 3164 276 3227; x_wconf 90' lang='lat' dir='ltr'>eruditus</span> <span class='ocrx_word' id='word_1_160' title='bbox 305 3168 413 3226; x_wconf 90' lang='lat' dir='ltr'>autem</span> <span class='ocrx_word' id='word_1_161' title='bbox 441 3162 502 3244; x_wconf 89' lang='lat' dir='ltr'>sic,</span> <span class='ocrx_word' id='word_1_162' title='bbox 532 3168 568 3224; x_wconf 91' lang='lat' dir='ltr'>ut</span> <span class='ocrx_word' id='word_1_163' title='bbox 598 3181 694 3226; x_wconf 89' lang='lat' dir='ltr'>nemo</span> <span class='ocrx_word' id='word_1_164' title='bbox 723 3158 893 3223; x_wconf 86' lang='lat' dir='ltr'>Thebanus</span> <span class='ocrx_word' id='word_1_165' title='bbox 907 3164 910 3168; x_wconf 86' lang='grc'>’</span> <span class='ocrx_word' id='word_1_166' title='bbox 925 3160 1035 3242; x_wconf 89' lang='lat' dir='ltr'>magis.</span> 
     </span>
     <span class='ocr_line' id='line_1_28' title="bbox 132 3263 1035 3331; baseline -0.004 -1"><span class='ocrx_word' id='word_1_167' title='bbox 132 3266 216 3330; x_wconf 88' lang='lat' dir='ltr'>Nam</span> <span class='ocrx_word' id='word_1_168' title='bbox 253 3272 285 3331; x_wconf 91' lang='lat' dir='ltr'>et</span> <span class='ocrx_word' id='word_1_169' title='bbox 322 3266 505 3330; x_wconf 88' lang='lat' dir='ltr'>citharizare</span> <span class='ocrx_word' id='word_1_170' title='bbox 545 3271 577 3330; x_wconf 94' lang='lat' dir='ltr'>et</span> <span class='ocrx_word' id='word_1_171' title='bbox 614 3271 741 3329; x_wconf 90' lang='lat' dir='ltr'>cantare</span> <span class='ocrx_word' id='word_1_172' title='bbox 773 3263 814 3327; x_wconf 90' lang='lat' dir='ltr'>ad</span> <span class='ocrx_word' id='word_1_173' title='bbox 845 3263 1035 3327; x_wconf 88' lang='lat' dir='ltr'>chordarum</span> 
     </span>
    </p>
   </div>
   <div class='ocr_carea' id='block_1_6' title="bbox 133 3367 1034 3514">
    <p class='ocr_par' dir='ltr' id='par_1_7' title="bbox 133 3367 1034 3514">
     <span class='ocr_line' id='line_1_29' title="bbox 133 3367 1034 3451; baseline -0.001 -19"><span class='ocrx_word' id='word_1_174' title='bbox 133 3389 247 3432; x_wconf 88' lang='lat' dir='ltr'>sonum</span> <span class='ocrx_word' id='word_1_175' title='bbox 270 3369 383 3432; x_wconf 88' lang='lat' dir='ltr'>doctus</span> <span class='ocrx_word' id='word_1_176' title='bbox 414 3375 463 3431; x_wconf 89' lang='lat' dir='ltr'>est</span> <span class='ocrx_word' id='word_1_177' title='bbox 490 3368 704 3451; x_wconf 87' lang='lat' dir='ltr'>aDionysio,</span> <span class='ocrx_word' id='word_1_178' title='bbox 734 3367 789 3450; x_wconf 91' lang='lat' dir='ltr'>qui</span> <span class='ocrx_word' id='word_1_179' title='bbox 816 3387 882 3429; x_wconf 90' lang='lat' dir='ltr'>non</span> <span class='ocrx_word' id='word_1_180' title='bbox 911 3368 1034 3432; x_wconf 87' lang='lat' dir='ltr'>minore</span> 
     </span>
     <span class='ocr_line' id='line_1_30' title="bbox 840 3467 881 3514; baseline 0 -12"><span class='ocrx_word' id='word_1_181' title='bbox 840 3467 881 3514; x_wconf 57' lang='grc' dir='ltr'>ᾗῇ</span> 
     </span>
    </p>
   </div>
   <div class='ocr_carea' id='block_1_7' title="bbox 0 0 1208 3848">
    <p class='ocr_par' dir='ltr' id='par_1_8' title="bbox 0 0 1208 3848">
     <span class='ocr_line' id='line_1_31' title="bbox 0 0 1208 3848; baseline 0 0"><span class='ocrx_word' id='word_1_182' title='bbox 0 0 1208 3848; x_wconf 95' lang='lat' dir='ltr'> </span> 
     </span>
    </p>
   </div>
  </div>
 </body>
</html>
