2400 3848
205 210 242 267 98
498 215 577 254 xvnr
600 215 743 256 numanus.
764 218 782 256 4.
797 218 815 256 s.

169 368 298 435 obaros
319 369 487 452 proficisci.
524 368 641 433 Tenuit
662 370 725 434 hoe
745 370 946 454 propositum
966 375 999 433 et
1020 372 1113 455 prius

200 475 233 539 in
255 475 356 539 aciem
373 477 551 540 exereitum
573 475 686 539 eduxit
702 477 923 562 proeliumque
948 479 1111 542 commisit

170 614 173 621 ·
200 599 294 663 quam
317 580 433 644 milites
455 580 504 642 sui
526 579 653 660 scirent,
686 601 759 643 cum
782 581 895 664 quibus
917 603 1006 646 arma
1028 603 1108 647 con-

199 683 329 748 ferrent.
374 683 491 747 Effecit
521 684 618 748 etiam
647 684 726 748 illud
755 685 900 749 locorum
930 708 1109 772 praeoccu-

198 788 344 869 patione,
374 792 410 849 ut
434 787 577 871 equitatu
598 789 704 872 potius
736 788 916 872 dimicaret,
946 811 1008 874 quo
1032 791 1109 875 plus
1168 784 1171 793 ’

197 893 334 973 valebat,
359 913 453 976 quarn
475 891 629 976 peditatu,
654 913 715 977 quo
741 899 809 956 erat
832 893 981 958 deterior.

164 1029 175 1068 1
261 997 320 1063 IV.
351 997 495 1070 Quorum
510 997 664 1061 acerrimo
682 1018 837 1061 concursu
860 1018 931 1061 cum
953 1018 1105 1081 magnam

197 1108 321 1184 partem
346 1101 410 1165 diei
432 1107 517 1164 esset
539 1097 731 1185 pugnatum,
756 1101 840 1164 cadit
864 1100 1013 1165 Crateros
1037 1101 1106 1189 dux

197 1209 230 1267 et
259 1204 508 1288 Neoptolemus,
546 1205 600 1289 qui
633 1204 808 1268 secundum
838 1205 946 1268 locum
976 1205 1105 1290 imperii

161 1308 335 1375 atenebat.
382 1307 463 1372 (lum
484 1307 546 1371 hoc
570 1310 728 1372 concurrit
749 1300 818 1393 ipse
834 1308 1004 1373 Eumenes.
1038 1308 1104 1383 Qui

195 1433 268 1475 cum
290 1412 374 1475 inter
396 1432 430 1474 se
454 1410 616 1494 complexi
640 1412 813 1476 interram
836 1434 879 1476 ex
901 1412 990 1497 equis
1014 1411 1103 1476 deci-

196 1515 324 1595 dissent,
350 1519 386 1576 ut
407 1514 499 1576 facile
523 1513 667 1596 intellegi
689 1520 821 1598 possent
843 1515 971 1578 inimica
991 1520 1103 1580 mente

195 1616 396 1680 contendisse
413 1617 582 1699 animoque
598 1617 700 1699 magis
719 1617 815 1681 etiam
829 1639 987 1702 pugnasse
1005 1640 1101 1704 quam

194 1739 340 1802 corpore,
372 1738 437 1782 non
459 1719 545 1802 prius
578 1719 719 1783 distracti
749 1727 822 1784 sunt
845 1743 940 1805 quam
963 1723 1101 1787 alterum

193 1824 298 1886 anima
312 1823 517 1907 relinqueret.
544 1821 595 1886 Ab
612 1823 674 1887 hoc
689 1825 810 1909 aliquot
824 1827 927 1911 plagis
936 1826 1101 1891 Eumenes

192 1927 376 1991 vulneratur
404 1947 509 2011 neque
539 1947 577 1990 eo
607 1928 708 2011 magis
737 1949 778 1991 ex
799 1930 923 2012 proelio
949 1930 1099 2013 excessit,

157 2063 169 2100 a
192 2031 250 2097 sed
272 2033 375 2095 acrius
396 2031 542 2094 hostibus
566 2032 687 2095 institit.
726 2033 789 2096 Hic
808 2033 965 2117 equitibus
987 2034 1099 2117 profli-

191 2138 290 2220 gatis,
318 2137 485 2200 interfecto
511 2137 591 2200 duce
616 2137 766 2218 Cratero,
797 2136 904 2199 multis
927 2143 1099 2220 praeterea

192 2246 224 2304 et
254 2242 393 2304 maxime
422 2240 581 2303 nobilibus
613 2241 712 2324 captis
743 2239 894 2324 pedester
926 2239 1098 2328 exercitus,

191 2343 277 2427 quod
299 2345 332 2406 in
355 2364 395 2406 ea
415 2344 488 2406 loca
503 2349 572 2406 erat
588 2343 754 2424 deductus,
776 2349 812 2405 ut
834 2343 932 2406 invito
949 2342 1096 2408 Eumene

191 2446 275 2509 elabi
289 2467 354 2509 non
369 2452 488 2530 posset,
511 2467 624 2529 pacem
647 2446 742 2508 abeo
766 2446 868 2529 petiit.
902 2445 1005 2519 Quam
1022 2467 1096 2510 curn

189 2550 407 2632 impetrasset,
437 2550 470 2613 in
492 2550 555 2613 fide
578 2570 644 2613 non
666 2549 782 2612 mansit
805 2554 910 2630 etse,
940 2550 1096 2614 simulac

154 2690 167 2725 4
188 2654 308 2737 potuit,
331 2654 372 2717 ad
393 2653 600 2738 Antipatrum
621 2654 752 2736 recepit.
798 2652 958 2716 Eumenes
981 2651 1095 2717 Orate-

187 2779 257 2820 rum
281 2779 323 2821 ex
345 2757 412 2821 acie
436 2758 624 2820 semivivum
648 2757 768 2820 elatum
784 2775 930 2818 recreare
954 2755 1094 2818 studuit:

188 2881 259 2923 cum
282 2860 316 2922 id
337 2881 403 2924 non
425 2866 544 2944 posset,
567 2880 625 2944 pro
641 2859 779 2922 hominis
799 2857 952 2940 dignitate
968 2878 1094 2942 proque

186 2964 317 3047 pristina
333 2964 470 3027 amicitia
487 2963 635 3048 (namque
658 2963 713 3026 illo
730 2984 805 3026 usus
820 2968 888 3025 erat
902 2960 1093 3026 Alexandro

186 3066 258 3129 vivo
288 3067 498 3148 familiariter)
531 3069 637 3151 amplo
669 3067 780 3130 funere
810 3066 925 3129 extulit
956 3086 1093 3151 ossaque

85 3254 88 3258 ι
185 3170 218 3231 in
240 3170 463 3233 Macedoniarn
486 3171 581 3234 uxori
603 3171 670 3233 eius
695 3191 730 3233 ac
752 3168 861 3232 liberis
884 3167 1014 3232 remisit.

151 3307 163 3345 1
250 3272 290 3334 V.
320 3273 411 3336 Haec
442 3274 516 3336 dum
549 3273 633 3357 apud
654 3272 904 3356 Hellespontum
926 3275 1093 3354 geruntur,

185 3374 355 3438 Perdiccas
367 3375 452 3458 apud
461 3376 569 3439 Nilum
584 3377 702 3438 flumen
717 3358 903 3440 interficitur
918 3395 937 3435 a
952 3374 1089 3438 Seleuco
