2400 3848
464 234 530 274 xxv.
550 233 679 277 armeus.
697 234 716 274 c.
973 184 1047 292 Ι13Ἱ

139 374 214 449 Quo
236 377 321 443 facto
343 378 417 443 tulit
437 381 565 464 pietatis
587 383 735 447 fructum.
781 380 938 448 Caecilius
962 379 1047 445 enim
1069 407 1083 448 r

139 479 280 545 moriens
309 487 502 547 testamento
531 484 698 569 adoptavit
726 506 800 550 eum
828 483 1048 568 heredemque

138 581 217 646 fecit
239 605 281 648 ex
302 585 475 651 dodrante:
499 607 542 651 ex
565 609 627 672 qua
639 588 819 653 hereditate
841 587 965 672 aceepit
986 587 1047 650 cir·

139 687 220 749 citer
243 689 363 753 centies
386 691 577 755 sestertium.
622 691 701 756 Erat
722 697 822 776 nupta
841 711 931 754 soror
946 687 1081 758 Atticis

140 788 179 862 Q.
211 790 316 855 Tullio
349 792 498 857 Ciceroni
535 814 652 879 easque
689 796 816 878 nuptias
852 794 897 858 M.
932 792 1046 856 Oicero

138 893 342 976 conciliarat,
380 915 453 959 oum
485 917 549 980 quo
585 918 606 961 a
634 897 887 983 condiscipulatu
918 895 1048 960 vivebat

138 997 413 1080 coniunctissime,
451 1001 550 1063 multo
592 1001 689 1065 etiam
728 1001 913 1065 familiarius
950 1019 1046 1084 quam

138 1119 211 1163 cum
235 1100 371 1184 Quinto,
402 1109 438 1166 ut
465 1102 599 1189 iudicari
621 1105 721 1189 possit
741 1105 813 1188 plus
842 1104 875 1166 in
906 1102 1045 1166 amicitia

136 1203 246 1268 valere
280 1172 678 1271 similitudinemllmorum
710 1228 806 1292 quam
837 1206 1043 1271 adfinitatem.

136 1303 297 1372 Utebatur
330 1316 439 1374 autem
468 1312 579 1377 intime
612 1311 651 1385 Q.
683 1311 879 1392 Hortensio,
916 1310 970 1394 qui
1006 1309 1079 1383 iis4

136 1413 336 1496 temporibus
364 1415 577 1498 principatum
606 1415 808 1500 eloquentiae
831 1412 978 1496 tenebat,
1008 1418 1046 1476 ut

135 1513 284 1600 intellegi
314 1538 380 1581 non
410 1524 538 1602 posset,
574 1523 646 1582 uter
677 1538 751 1582 eum
782 1517 853 1601 plus
885 1515 1045 1598 diligeret,

137 1616 252 1682 Cicero
276 1640 317 1682 an
339 1619 548 1685 Hortensius:
576 1625 608 1685 et
629 1618 673 1701 id,
697 1619 784 1704 quod
806 1624 876 1684 erat
898 1618 1043 1682 difficilli-

135 1740 235 1802 mum,
259 1721 427 1804 efficiebat,
449 1728 495 1804 ut,
516 1723 600 1787 inter
615 1743 695 1807 quos
712 1729 818 1786 tantae
835 1721 938 1786 laudis
958 1727 1044 1785 esset

137 1825 319 1907 aemulatio,
341 1827 430 1889 nulla
450 1825 666 1891 intercederet
682 1826 870 1890 obtrectatio
894 1830 1043 1910 essetque

135 1927 249 1991 talium
270 1928 413 1992 virorum
436 1929 559 2013 copula.

200 2031 259 2096 VI.
289 2031 328 2096 In
349 2054 384 2097 re
407 2033 535 2118 publica
554 2034 600 2096 ita
622 2038 672 2097 est
686 2037 840 2113 versatus,
862 2037 899 2094 ut
914 2051 1042 2116 semper
1063 2062 1075 2103 1

135 2136 330 2221 optimarum
349 2139 487 2221 partium
510 2143 543 2201 et
566 2141 651 2201 esset
673 2142 706 2200 et
724 2135 962 2200 existimaretur
984 2155 1041 2198 ne·

135 2258 198 2323 que
213 2245 322 2304 tamen
337 2261 371 2304 se
389 2239 532 2304 civilibus
546 2239 692 2302 fluctibus
709 2237 933 2320 committeret,
955 2235 1042 2322 quod

136 2362 202 2406 non
224 2344 326 2426 magis
349 2363 406 2407 eos
427 2344 461 2407 in
483 2363 541 2407 sua
562 2347 721 2427 potestate
738 2342 941 2406 existimabat
959 2363 1040 2422 esse,

134 2445 190 2528 qui
217 2467 252 2510 se
281 2446 330 2510 his
360 2445 523 2511 dedissent
552 2467 647 2531 quam
678 2447 732 2531 qui
753 2447 919 2511 maritimis
940 2446 1039 2510 iacta·

135 2555 255 2614 rentur.
298 2549 450 2615 Honores
481 2571 547 2614 non
577 2551 685 2635 petiit,
720 2571 793 2614 cum
828 2550 858 2616 ei
893 2553 1075 2635 paterent2

134 2657 267 2736 propter
288 2654 342 2716 rel
363 2654 499 2736 gratiam
520 2655 574 2718 vel
596 2653 801 2737 dignitatem:
825 2653 913 2738 quod
935 2672 1039 2736 neque

130 2757 198 2842 peti
225 2776 315 2823 more
342 2756 499 2821 maiorum
528 2763 661 2842 possent
690 2757 885 2823 conservatis
911 2756 1039 2839 legibus

130 2860 164 2923 in
196 2866 263 2925 tam
296 2861 389 2926 effusi
419 2861 557 2925 ambitus
591 2862 815 2946 largitionibus
846 2881 952 2944 neque
985 2859 1040 2942 agi

129 2983 149 3026 e
181 2984 216 3028 re
253 2965 381 3049 publica
418 2965 486 3026 sine
521 2965 664 3049 periculo
704 2964 862 3049 corruptis
901 2961 1038 3027 civitatis

129 3067 283 3132 moribus.
313 3067 368 3132 Ad
383 3069 507 3131 hastam
528 3069 689 3152 publicam
703 3088 878 3151 numquam
894 3065 1037 3130 accessit.
1059 3089 1075 3129 a

129 3169 258 3235 Nullius
285 3172 333 3236 rei
359 3191 465 3255 neque
496 3192 590 3255 praes
617 3191 723 3255 neque
754 3190 906 3254 manceps
935 3168 1038 3232 factus

131 3280 191 3339 est.
241 3273 411 3338 Neminem
442 3295 547 3358 neque
578 3296 635 3339 suo
666 3274 797 3339 nomine
827 3293 932 3357 neque
962 3273 1037 3336 sub·

131 3378 273 3442 scribens
303 3377 479 3443 accusavit:
507 3378 540 3442 in
570 3379 619 3442 ius
647 3379 688 3444 de
716 3400 774 3444 sua
800 3399 836 3443 re
863 3397 1053 3462 numquam¹
