2400 3848
197 229 232 286 12
476 227 504 265 11.
524 226 749 266 THEMISTOCLES.
768 228 787 266 3.
800 231 819 266 4.

162 405 172 445 1
258 375 319 439 ΠΙ.
348 375 452 439 Huius
476 376 641 440 consilium
655 375 815 461 plerisque
832 376 1010 440 civitatibus
1033 377 1096 441 dis·

194 479 345 564 plicebat'
370 486 402 544 et
437 480 470 569 in
502 485 587 544 terra
622 479 766 544 dimicari
802 481 903 564 magis
940 482 1096 567 placebat.

194 586 307 669 Itaque
330 581 418 648 missi
440 588 513 647 sunt
531 581 648 647 delecti
669 605 740 648 cum
755 582 911 667 Leonida,
933 583 1096 649 Lacedae-

195 688 376 752 moniorum
391 708 479 770 rege,
503 687 556 771 qui
570 685 801 770 Thermopylas
818 694 1010 771 occuparent
1026 689 1096 753 lon-

194 791 328 874 giusque
360 789 512 852 barbaros
544 788 696 872 progredi
729 810 795 853 non
826 794 1023 874 paterentur.
1069 791 1097 854 Ii

194 893 260 958 vim
281 891 421 955 hostium
443 911 508 954 non
527 890 743 955 sustinuerunt
766 913 869 977 eoque
891 893 964 958 loco
987 914 1098 959 omnes

161 1024 173 1062 a
193 996 392 1060 interierunt.
425 992 471 1056 At
486 994 593 1057 classis
609 995 786 1058 communis
803 995 957 1061 Graeciae
971 1003 1097 1062 trecen-

194 1106 299 1164 tarum
320 1097 464 1181 navium,
486 1099 604 1183 inqua
626 1099 783 1163 ducentae
807 1105 897 1164 erant
919 1099 1097 1165 Athenien·

195 1204 292 1285 sium,
315 1203 453 1287 primum
482 1201 568 1286 apud
588 1199 797 1291 Artemisium
825 1202 908 1266 inter
930 1202 1098 1267 Euboeam

196 1307 475 1390 continentemque
519 1310 637 1369 terram
674 1296 755 1369 'cum
800 1306 965 1370 classiariis
1000 1307 1099 1390 regiis

196 1411 346 1476 conflixit.
378 1409 552 1493 Angustias
568 1410 652 1472 enim
667 1410 899 1475 Themistocles
915 1411 1099 1496 quaerebat,

160 1536 235 1588 „ne
258 1512 460 1577 multitudine
477 1513 671 1578 circuiretur.
716 1513 780 1577 Hic
803 1514 862 1578 etsi
883 1515 952 1598 pari
974 1515 1098 1599 proelio

197 1619 423 1699 discesserant,
453 1622 562 1680 tamen
592 1617 707 1682 eodem
736 1619 807 1681 loco
837 1638 903 1681 non
932 1623 1005 1681 sunt
1031 1619 1098 1681 ausi

195 1741 334 1802 manere,
359 1720 445 1805 quod
468 1726 537 1783 erat
550 1721 738 1804 periculum,
760 1742 812 1802 ne,
835 1721 861 1784 si
882 1742 955 1805 pars
970 1722 1098 1785 navium

196 1825 450 1890 adversariorum
472 1825 638 1888 Euboeam
661 1829 851 1909 superasset,
875 1825 1003 1908 ancipiti
1024 1846 1098 1909 pre·

163 1964 176 2001 4
195 1935 358 1994 merentur
380 1929 533 2013 periculo.
580 1928 650 2000 Quo
674 1929 792 1991 factum
822 1932 886 2009 est,
915 1932 951 1990 ut
973 1927 1012 1991 ab
1034 1925 1098 1990 Ar·

195 2035 321 2099 temisio
339 2033 542 2098 discederent
564 2039 597 2097 et
641 2033 811 2096 adversum
847 2024 991 2095 Athenas
1014 2031 1098 2117 apud

196 2137 356 2202 Salamina
378 2138 512 2201 classem
535 2158 625 2200 suam
648 2137 887 2200 constituerent.

116 2249 120 2255 '
163 2267 173 2304 1
260 2241 319 2305 IV.
347 2240 393 2304 At
414 2240 543 2304 Xerxes
565 2240 788 2324 Thermopylis
811 2241 1001 2322 expugnatis
1023 2261 1099 2324 pro-

196 2345 280 2409 tinus
315 2345 447 2408 accessit
483 2350 553 2408 astu
590 2342 686 2428 idque
723 2343 818 2406 nullis
856 2341 1100 2408 defendentibus

197 2447 371 2513 interfectis
394 2448 631 2530 sacerdotibus,
663 2469 742 2533 quos
773 2448 806 2510 in
829 2467 901 2510 arce
923 2447 1100 2530 invenerat,

163 2551 343 2621 cincendio
374 2551 502 2616 delevit.
547 2549 644 2614 ouius
673 2551 800 2613 flamma
827 2549 989 2633 perterriti
1020 2550 1099 2613 clas·

197 2654 285 2717 siarii
304 2675 376 2718 cum
398 2675 527 2718 manere
549 2674 615 2717 non
638 2653 793 2716 auderent
822 2658 854 2716 et
875 2652 1003 2736 plurimi
1024 2653 1099 2715 hor-

197 2763 348 2841 tarentur,
371 2765 406 2822 ut
429 2758 542 2822 domos
565 2779 636 2821 suas
654 2757 855 2820 discederent
869 2756 1100 2839 moenibusque

198 2883 232 2926 se
267 2861 495 2943 defenderent,
530 2860 761 2924 Themistocles
797 2880 878 2921 unus
914 2858 1030 2922 restitit
1067 2866 1100 2922 et

197 2966 365 3030 universos
401 2984 495 3048 pares
534 2983 604 3027 esse
642 2963 765 3043 aiebat,
805 2961 965 3045 dispersos
1002 2968 1099 3025 testa-

198 3069 291 3133 batur
318 3067 476 3151 perituros
505 3065 602 3149 idque
623 3064 815 3149 Eurybiadi,
844 3065 912 3148 regi
935 3065 1099 3129 Lacedae-

200 3172 397 3252 moniorum,
431 3171 486 3254 qui
515 3175 583 3233 tum
614 3189 756 3232 summae
790 3155 916 3252 imperii
943 3178 1101 3252 praeerat,

165 3276 269 3340 afore
293 3274 488 3337 adfirmabat.
534 3273 637 3345 Quem
661 3292 733 3335 cum
760 3273 863 3335 minus
886 3294 980 3356 quam
1002 3273 1101 3338 vellet

202 3384 356 3459 moveret,
378 3383 476 3441 noctu
493 3375 532 3439 de
556 3376 654 3439 servis
673 3378 749 3458 suis,
772 3398 868 3461 quem
891 3376 1001 3440 habuit
1023 3376 1102 3439 fide-
