2400 3848
189 227 227 283 80
481 227 526 265 xv.
546 226 760 266 nraumonnus.
781 227 800 266 τ.

190 375 339 439 Orestem
356 382 388 440 et
402 375 631 442 Alcmaebnem
646 377 838 460 matricidas,
863 375 1099 441 Thebis-Oedi-

188 499 265 563 pum
287 484 408 561 natum,
441 481 495 564 qui
518 502 590 544 cum
612 487 737 564 patrem
760 501 853 544 suum
874 479 1098 561 interfecisset,

152 586 323 646 amatrem
345 603 483 646 uxorem
513 583 673 648 duxisset:
704 583 778 646 huic
806 584 840 646 in
866 582 1096 667 respondendo

187 682 443 768 Epaminondas,
475 707 547 749 cum
578 686 617 750 de
642 687 756 750 ceteris
778 692 978 770 perorasset,
1007 693 1097 770 post·

188 809 284 872 quam
313 790 354 851 ad
383 790 439 852 illa
469 789 531 853 duo
557 789 729 874 opprobria
749 790 916 874 pervenit,
947 789 1099 854 admirari

188 911 222 954 se
243 889 324 954 dixit
337 892 504 954 stultitiam
519 892 654 955 rhetoris
670 892 780 974 Attici,
803 892 936 976 quinon
952 891 1096 955 animad-

188 996 321 1058 verterit
359 996 545 1060 innocentes
581 996 654 1059 illcs
691 1001 783 1058 natos
822 995 928 1078 domi,
973 995 1097 1060 scelere

190 1097 327 1162 admisso
367 1120 440 1162 cum
475 1099 579 1184 patria
615 1105 722 1163 essent
758 1100 902 1184 expulsi,
948 1105 1099 1182 receptos

158 1223 261 1265 resse
290 1203 329 1266 ab
358 1201 619 1266 Atheniensibus.
665 1202 730 1266 Sed
758 1204 898 1267 maxime
932 1202 999 1266 eius
1029 1202 1097 1266 elo·

190 1306 320 1389 quentia
351 1306 454 1370 eluxit
487 1307 622 1390 Spartae
659 1310 734 1369 ante
773 1327 913 1390 pugnam
949 1307 1097 1370 Leuctri-

190 1427 269 1471 cam.
316 1407 386 1481 Quo
412 1429 483 1471 cum
510 1409 651 1473 omnium
681 1408 842 1472 sociorum
871 1409 1099 1473 convenissent

188 1511 305 1593 legati,
338 1532 446 1574 coram
476 1511 734 1594 frequentissimo
768 1515 929 1575 conventu
960 1511 1005 1572 sic
1036 1509 1098 1573 La·

189 1612 473 1677 cedaemoniorum
510 1613 716 1697 tyrannidem
753 1615 917 1694 coarguit,
959 1617 995 1674 ut
1031 1633 1097 1677 non

189 1714 294 1777 minus
336 1715 392 1778 illa
434 1717 579 1780 oratione
622 1738 700 1800 opes
742 1738 853 1781 corum
899 1717 1098 1779 concusserit

189 1838 284 1900 quam
324 1817 495 1881 Leuctrica
534 1839 652 1902 pugna.
707 1819 788 1881 Tum
828 1820 910 1881 enim
952 1817 1097 1900 perfecit,

189 1919 277 2004 quod
309 1925 384 2003 post
416 1923 579 2005 apparuit,
613 1928 649 1986 ut
682 1922 802 1986 auxilio
838 1922 1000 1985 sociorum
1031 1921 1097 2003 pri-

188 2030 350 2090 verentur.

152 2155 164 2192 1
251 2127 328 2193 VH.
363 2128 475 2194 Fuisse
513 2129 708 2214 patientem,
733 2149 926 2213 suorumque
964 2128 1096 2192 iniurias

188 2233 345 2297 ferentem
379 2233 511 2314 civium,
544 2233 632 2317 quod
665 2254 700 2296 se
730 2233 852 2316 patriae
884 2232 976 2295 irasci
1005 2232 1096 2294 nefas

188 2357 258 2400 esse
283 2336 431 2419 duceret,
460 2336 541 2401 haec
569 2342 642 2399 sunt
671 2337 864 2400 testimonia.
911 2335 992 2399 Cum
1021 2355 1097 2399 eum

187 2446 320 2526 propter
349 2440 502 2504 invidiam
534 2442 619 2505 cives
651 2441 699 2503 sui
732 2439 907 2524 praeficere
940 2439 1096 2502 exercitui

186 2544 364 2607 noluissent
387 2544 516 2628 duxque
547 2550 632 2608 esset
655 2544 798 2608 delectus
820 2543 897 2606 belli
918 2543 1095 2626 imperitus,

188 2648 276 2711 cuius
308 2669 416 2713 errore
449 2670 488 2712 co
521 2655 607 2713 esset
641 2647 778 2711 deducta
808 2646 863 2709 illa
897 2646 1027 2728 militia,
1058 2653 1096 2709 ut

188 2771 299 2814 omnes
336 2751 376 2815 de
418 2753 519 2816 salute
557 2752 841 2836 pertimescerent,
880 2747 968 2833 quod
1004 2749 1094 2812 loco·

186 2874 258 2917 rum
288 2854 442 2937 angustiis
474 2855 573 2918 clausi
606 2854 645 2917 ab
677 2852 822 2916 hostibus
856 2851 1094 2934 obsidebantur,

187 2956 363 3021 desiderari
399 2962 514 3042 coepta
550 2962 599 3019 cst
629 2955 872 3041 Epaminondae
911 2955 1093 3037 diligentia:

154 3067 256 3125 accat
286 3062 371 3124 enim
399 3061 444 3123 ibi
472 3061 614 3145 privatus
643 3079 777 3123 numero
806 3058 924 3121 militis.
969 3058 1001 3120 A
1029 3079 1093 3142 quo

141 3194 145 3201 ’
186 3185 258 3227 oum
281 3170 429 3249 peterent
453 3184 564 3248 opem,
594 3164 715 3227 nullam
738 3161 883 3225 adhibuit
905 3161 1093 3224 memoriam

186 3267 399 3330 contumeliae
438 3274 471 3330 et
508 3267 686 3330 exercitum
723 3265 889 3330 obsidione
922 3264 1093 3328 liberatum

150 3397 163 3434 a
187 3369 318 3432 domum
332 3369 462 3434 reduxit
476 3369 679 3432 incolumem.
715 3369 785 3432 Nec
808 3385 884 3431 vero
908 3367 970 3430 hoc
992 3369 1092 3431 semel
