2400 3848
409 252 466 291 xrv.
485 252 627 291 ursanus.
648 252 698 294 aa
962 254 996 310 ῃ

96 402 280 467 resistentes
295 401 450 466 Datames
473 401 608 466 invadit:
631 402 734 487 primo
758 403 879 487 impetu
898 404 999 487 pellit,

97 507 255 589 fugientes
292 506 508 591 persequitur,
546 509 664 572 multos
697 509 860 591 interficit,
899 514 1001 572 castra

97 609 236 672 hostium
272 609 365 692 capit.
416 609 486 672 Tali
519 612 651 675 oonsilio
685 633 749 676 uno
784 618 930 698 tempore
969 619 1036 677 ets

97 713 279 798 proditores
300 712 436 797 perculit
460 719 492 777 et
514 713 622 779 hostes
644 717 824 800 profligavit
849 722 891 799 et,
915 715 1001 801 quod

98 818 138 882 ad
160 818 335 903 perniciem
357 839 447 881 suam
469 817 572 882 fuerat
591 821 775 902 cogitatum,
797 820 831 883 id
853 821 894 884 ad
918 822 1001 883 salu·

97 929 163 986 tem
192 920 358 985 convertit.
405 919 475 994 Quo
505 942 610 1006 neque
639 924 760 988 acutius
782 924 876 988 ullius
898 925 1000 1009 impe-

96 1026 210 1090 ratoris
239 1026 415 1110 cogitatum
437 1046 541 1110 neque
565 1027 698 1090 celerius
727 1028 846 1092 factum
867 1049 1000 1112 usquam

96 1131 242 1214 legimus.

160 1223 243 1296 VIL
267 1231 319 1295 Ab
352 1231 413 1294 hoo
442 1236 549 1295 tamen
580 1231 648 1294 viro
682 1231 828 1316 Sysinas,
859 1235 1033 1299 maximo¹

94 1336 170 1394 natu
199 1332 299 1416 filius,
330 1333 444 1397 desciit
473 1331 514 1398 ad
543 1352 654 1418 regem
687 1339 719 1396 et
750 1332 789 1398 de
820 1333 1001 1400 defectione

94 1435 194 1517 patris
220 1434 345 1499 detulit.
391 1435 462 1510 Quo
492 1438 604 1501 nuntio
628 1435 829 1500 Artaxerxes
860 1459 1001 1502 commo·

94 1543 162 1620 tus,
194 1540 281 1623 quod
312 1541 523 1624 intellegebat
554 1541 614 1604 sibi
648 1561 721 1604 oum
755 1541 824 1604 viro
857 1541 932 1605 forti
965 1563 1002 1606 ac

94 1645 224 1706 strenuo
248 1645 414 1727 negotium
438 1665 527 1727 esse,
553 1645 623 1728 qui,
655 1665 725 1707 oum
749 1643 933 1726 cogitasset,
956 1645 1002 1708 fa·

96 1763 168 1808 cere
192 1746 325 1811 auderet
349 1754 382 1811 et
404 1747 658 1832 prius‘oogitare
676 1767 770 1830 quam
794 1748 902 1812 conari
926 1768 1001 1811 con·

95 1852 238 1929 suamet,
260 1847 542 1933 Autophrodatem
570 1851 603 1912 in
628 1848 866 1933 Cappadociam
895 1849 1002 1914 mittit.

92 1958 156 2023 Hic
186 1978 228 2021 ne
257 1957 374 2021 intrare
403 1960 528 2041 posset,
560 1957 691 2033 saltum,
723 1955 755 2018 in
778 1976 841 2040 quc
867 1956 1032 2023 Ciliciae?

93 2068 206 2147 portae
229 2066 301 2124 sunt
325 2061 413 2142 sitae,
436 2059 590 2123 Datames
607 2079 843 2143 praeoccupare
867 2061 996 2127 studuit.

94 2167 159 2231 Sed
189 2171 256 2229 tam
288 2163 391 2226 subito
424 2162 531 2246 copias
566 2160 754 2225 contrahere
786 2183 851 2225 non
882 2165 1033 2247 potuit.³

93 2269 124 2333 A
151 2290 215 2354 qua
241 2288 276 2331 re
308 2265 458 2350 depulsus
488 2284 560 2327 oum
592 2285 630 2327 ea
652 2285 764 2347 manu,
796 2286 892 2349 quam
922 2288 997 2331 con·

94 2377 243 2454 traxerat,
266 2369 372 2433 locum
397 2367 510 2451 deligit
532 2367 646 2449 talem,
678 2373 714 2431 ut
735 2390 839 2454 neque
864 2371 997 2434 circum·

93 2478 192 2541 uetur
214 2474 253 2537 ab
275 2471 420 2536 hostibus
448 2491 553 2554 neque
575 2469 765 2554 praeteriret
788 2470 998 2556 adversarius,

94 2582 169 2666 quin
191 2576 381 2662 ancipitibus
401 2575 481 2638 locis
499 2574 708 2658 premeretur,
732 2578 774 2656 et,
798 2575 824 2637 si
847 2574 997 2640 dimicare

95 2705 133 2748 eo
156 2683 264 2764 vellet,
287 2701 352 2744 non
375 2678 510 2742 multum
529 2677 642 2741 obesse
664 2677 834 2742 multitudo
857 2679 998 2743 hostium

94 2805 169 2848 suae
191 2782 343 2868 paucitati
365 2786 484 2866 posset.

157 2879 262 2950 Vnt
273 2885 364 2949 Haec
381 2885 440 2948 etsi
454 2882 717 2968 Autophrodates
732 2885 873 2968 videbat,
889 2893 998 2950 tamen
1020 2904 1030 2942 ι

94 2991 203 3054 statuit
226 2987 379 3072 congredi
402 3010 497 3074 quam
521 3009 592 3051 cum
614 2989 709 3052 tantis
728 2991 826 3074 copiis
848 2991 996 3073 refugere

94 3099 149 3157 aut
163 3099 229 3156 tam
246 3091 300 3154 diu
314 3112 378 3154 uno
394 3091 466 3154 loco
482 3089 606 3154 sedere.
629 3091 780 3155 Habebat
790 3093 997 3156 barbarorum
1019 3110 1032 3148 2

94 3198 237 3282 equitum
259 3196 388 3279 viginti,
410 3194 555 3280 peditum
579 3201 708 3259 centum
730 3195 826 3278 milia,
850 3215 929 3279 quos
951 3196 998 3258 illi

95 3301 254 3366 Cardacas
268 3300 440 3384 appellant,
463 3298 670 3383 eiusdemque
686 3301 813 3382 generis
835 3300 896 3363 tria
910 3299 998 3363 milia

93 3405 307 3486 fuud'torum3
339 3409 507 3489 praeterea
540 3401 766 3486 Cappadocum
798 3408 869 3467 octo
899 3403 997 3484 milia,
