2400 3848
483 223 508 262 x.
528 223 606 263 nrou.
626 225 644 262 s.
979 223 1017 280 53

112 375 192 440 adeo
217 375 308 438 facile
331 375 476 458 perculit,
508 380 544 437 ut
565 379 638 457 post
662 373 747 436 diem
769 370 900 435 tertium
920 390 1016 454 quam

112 477 251 542 Siciliam
283 477 431 559 attigerat
456 476 627 562 Syracusas
656 476 825 541 introierit.
869 475 921 539 Ex
951 494 1014 559 quo

111 579 256 662 intellegi
278 584 386 663 potest
407 579 529 642 nullum
552 600 621 644 esse
644 579 814 664 imperium
829 583 933 641 tutum
955 577 1016 640 nisi

111 681 328 746 benivolentia
349 682 516 745 munitum.
561 681 609 745 Eo
633 685 779 766 tempore
803 681 913 746 aberat
934 680 1049 744 Dio-4

112 785 219 868 nysius
248 790 281 848 et
309 786 342 847 in
368 784 462 847 Italia
491 786 625 848 classem
649 784 873 868 opperiebatur
902 782 1015 847 adver-

112 890 267 952 sariorum
281 895 368 953 ratus
382 890 542 954 neminem
566 889 632 954 sine
655 890 778 972 magnis
795 889 894 972 copiis
917 886 959 950 ad
981 909 1015 952 se

111 998 295 1072 venturum3
322 1012 403 1076 quae
425 1012 477 1055 res
501 1012 575 1055 eum
597 992 718 1056 fefellit.
762 991 846 1055 Nam
868 991 956 1054 Dion
977 990 1016 1054 iis
1037 1008 1049 1047 ε

111 1094 196 1178 ipsis,
220 1094 274 1178 qui
297 1094 353 1157 sub
372 1092 545 1158 adversarii
567 1094 694 1156 fuerant
715 1099 885 1178 potestate,
908 1094 1016 1176 regios

112 1198 239 1280 spiritus
269 1199 421 1280 repressit
456 1199 617 1281 totiusque
656 1197 724 1260 eius
760 1197 858 1280 partis
890 1197 1015 1261 Siciliae

112 1301 232 1385 potitus
262 1304 326 1381 est,
361 1320 442 1383 quae
472 1300 536 1392 sub·
551 1300 700 1384 Dionysii
722 1299 825 1363 luerat
845 1304 1015 1383 potestate,

111 1405 242 1489 parique
266 1402 364 1466 modo
393 1404 479 1468 urbis
501 1404 729 1489 Syracusarum
751 1408 879 1488 praeter
910 1423 1016 1466 arcem

112 1514 145 1573 et
163 1509 299 1571 insulam
315 1508 495 1573 adiunctam
512 1509 630 1592 oppido
648 1528 751 1593 eoque
770 1529 837 1571 rem
853 1506 1014 1592 perduxit,
1036 1531 1050 1572 c

111 1617 147 1675 ut
183 1612 298 1675 talibus
335 1613 534 1696 pactionibus
570 1635 684 1697 paoem
720 1618 873 1696 tyrannus
909 1610 1014 1674 faeere

111 1714 225 1778 vellet:
250 1714 389 1779 Siciliam
400 1716 488 1779 Dion
503 1717 672 1800 obtineret,
689 1717 816 1780 Italiam
831 1714 1015 1798 Dionysius,

112 1815 284 1899 Syracusas
306 1815 548 1901 Apollocrates,
576 1820 628 1883 cui
647 1820 820 1882 maximam
841 1818 939 1881 fidem
961 1817 1017 1880 uni

113 1917 262 1980 habebat.

176 2018 234 2082 VI.
262 2018 330 2080 Has
353 2026 418 2082 tam
441 2042 609 2105 prosperas
623 2027 752 2106 tamque
767 2023 946 2106 inopinatas
965 2043 1015 2085 res
1037 2053 1049 2092 1

114 2127 284 2185 consecuta
312 2127 360 2184 est
387 2122 492 2186 subita
520 2125 744 2206 commutatio,
775 2124 862 2209 quod
890 2125 1018 2188 fortuna

113 2244 171 2287 sua
191 2222 385 2305 mobilitate,
415 2245 511 2308 quem
532 2227 628 2309 paulo
660 2232 732 2290 ante
756 2227 931 2308 extulerat,
961 2226 1016 2290 de·

113 2348 259 2411 mergere
290 2331 339 2391 est
361 2326 484 2392 adorta.
529 2328 673 2393 Primum
703 2330 737 2394 in
766 2331 849 2414 filio,
882 2330 922 2394 de
954 2351 1052 2414 quoa

114 2431 365 2495 commemoravi
393 2453 505 2515 supra,
537 2454 626 2496 suam
649 2434 713 2496 vim
736 2435 889 2499 exercuit.
934 2434 1017 2499 Nam

114 2557 187 2599 eum
208 2556 344 2598 uxorem
365 2535 562 2620 reduxisset,
586 2558 666 2620 quae
690 2538 743 2600 alii
765 2538 869 2603 iuerat
890 2537 1018 2620 tradita,

114 2640 276 2723 filiumque
304 2641 404 2704 vellet
431 2661 583 2705 revocare
616 2640 657 2704 ad
679 2642 829 2706 virtutem
851 2663 871 2704 a
891 2640 1018 2725 perdita

113 2743 249 2824 luxuria,
273 2743 395 2826 accepit
408 2745 632 2827 gravissimum
645 2768 761 2829 parens
776 2747 890 2810 vulnus
912 2750 1016 2808 morte
1098 2796 1100 2798 .

115 2845 179 2908 filii.
231 2845 358 2910 Deinde
394 2853 464 2910 orta
498 2846 650 2912 dissensio
683 2854 732 2913 est
762 2849 845 2912 inter
877 2869 951 2911 eum
986 2851 1052 2914 eta

116 2946 338 3029 Heraclidem,
362 2950 432 3033 qui,
457 2949 544 3033 quod
566 2951 596 3014 ei
618 2951 830 3034 principatum
852 2972 918 3014 non
941 2971 1016 3014 con·
1055 2951 1057 2957 ’

117 3048 260 3131 cedebat,
286 3050 457 3115 factionem
481 3054 684 3137 comparavit.
729 3054 842 3138 Neque
866 3055 893 3117 is
914 3055 1017 3118 minus

117 3152 244 3216 valebat
265 3152 351 3236 apud
374 3155 559 3238 optimates,
589 3176 724 3239 quorum
747 3176 903 3219 consensu
925 3177 1017 3241 prae-

117 3261 185 3320 erat
200 3257 302 3340 classi,
319 3278 390 3320 cum
400 3258 487 3321 Dion
502 3260 677 3322 exercitum
688 3259 873 3342 pedestrem
883 3265 1017 3324 teneret.

116 3358 191 3421 Non
212 3359 285 3423 tulit
306 3359 368 3424 hoc
382 3361 487 3425 animo
504 3382 606 3446 aequo
623 3362 710 3426 Dion
731 3370 764 3427 et
785 3384 912 3427 versum
927 3365 1017 3427 illum
1041 3400 1051 3434 ⁴
