2400 3848
431 192 513 266 xvnr
531 226 675 268 nannum.
695 228 714 268 1.
987 234 1024 290 95

119 382 256 460 portum,
280 376 334 460 qni
349 375 490 439 Menelai
505 381 639 439 vocatur
656 375 763 440 iacens
785 376 868 440 inter
883 376 1024 462 Cyrenas

119 485 151 543 et
181 479 387 564 Aegyptum,
421 479 454 542 in
486 479 635 542 morbum
667 480 839 564 implicitus
878 481 1023 546 decessit.

118 582 168 646 Ibi
201 603 275 646 eum
306 582 414 663 amici,
452 603 514 666 quc
547 583 694 666 Spartam
727 583 849 647 facilius
882 586 1058 668 perferrer

118 690 266 770 possent,
295 685 382 768 quod
410 686 475 749 mel
497 707 562 749 non
584 686 759 768 habebant,
790 707 863 751 cera
891 688 1025 752 circum·

21 805 28 835 ⁴
119 786 270 851 fuderrmt
292 791 386 870 atque
409 788 455 850 ita
479 788 609 852 domum
631 790 832 871 rettulerunt.

506 1021 633 1086 XVIII.

445 1163 689 1238 EUMENES.

182 1315 209 1380 Ι.
238 1315 436 1382 Eumenes
461 1318 702 1383 Cardianus.
740 1319 844 1382 Huius
868 1319 894 1382 si
916 1317 1026 1381 virtuti
1047 1338 1059 1375 1

117 1437 176 1503 par
200 1417 275 1482 data
297 1427 382 1484 esset
412 1421 553 1504 fortuna,
585 1443 652 1486 non
680 1422 734 1486 ille
765 1421 895 1505 quidem
923 1420 1026 1483 maior

117 1522 245 1606 finisset,
283 1524 341 1588 sed
371 1526 473 1589 multo
505 1526 673 1607 illustrior3
712 1530 807 1609 atque
842 1529 891 1588 est
929 1524 1025 1588 etiam

118 1626 320 1710 honoratior,
343 1627 430 1710 quod
453 1649 587 1711 magnos
616 1629 762 1692 homines
785 1628 902 1692 virtute
932 1628 1024 1691 meti·

117 1750 204 1811 mur,
236 1749 302 1792 non
330 1730 466 1794 fortuna.
512 1731 595 1796 Nam
626 1752 698 1795 cum
730 1736 816 1815 aetas
847 1729 915 1793 eius
947 1730 1059 1796 inci-a

119 1830 219 1895 disset
246 1833 279 1895 in
310 1854 349 1897 ea
377 1839 540 1918 tempora,
572 1834 684 1917 quibus
707 1833 900 1897 Maceddnes
930 1833 1024 1896 ficre-

117 1941 199 2018 rent,
222 1936 358 1999 multum
381 1937 412 2000 ei
435 1937 573 2000 detraxit
596 1938 679 2000 inter
703 1958 758 2001 ecs
781 1937 911 2016 viventi,
938 1936 1025 2020 quod

118 2038 240 2103 alienae
272 2046 341 2102 erat
369 2040 514 2104 civitatis.
560 2041 706 2124 Namque
737 2041 796 2104 etsi
824 2040 879 2102 ille
912 2039 1057 2111 dome-³

117 2142 196 2206 sticc
220 2164 344 2207 summo
361 2165 481 2226 genere
505 2150 583 2225 erat,
607 2150 716 2207 tamen
731 2142 926 2207 Macedones
950 2164 1024 2207 eum

117 2247 178 2310 sibi
199 2247 369 2332 aliquando
394 2247 546 2331 anteponi
574 2246 705 2330 indigne
728 2246 888 2327 ferebant;
918 2266 1022 2330 neque

116 2355 225 2413 tamen
259 2371 324 2413 ncn
355 2351 572 2434 patiebantur:
610 2350 759 2414 vincebat
792 2350 876 2413 enim
911 2371 1023 2415 omnes

117 2473 207 2535 cura,
237 2454 417 2536 vigilantia,
448 2455 617 2538 patientia,
652 2454 824 2518 calliditate
855 2461 888 2519 et
911 2456 1022 2520 celeri·

115 2561 182 2619 tate
204 2556 334 2638 ingenii.
372 2556 436 2620 Hic
451 2557 768 2641 peradulescentulus
792 2557 832 2621 ad
852 2560 1022 2624 amicitiam
1043 2589 1056 2626 4

115 2659 249 2722 accessit
276 2659 432 2744 Philippi,
463 2659 624 2744 Amyntae
653 2660 727 2742 filii,
757 2660 909 2746 brevique
939 2668 1020 2725 tem-

114 2782 194 2846 pore
224 2763 257 2824 in
286 2762 430 2825 intimam
452 2764 600 2848 pervenit
622 2764 885 2828 familiaritatem:
917 2766 1020 2848 fulge·

114 2864 170 2927 bat
199 2863 283 2927 enim
312 2865 376 2928 iam
404 2866 436 2929 in
459 2866 700 2931 adulescentulo
731 2867 856 2932 indoles
884 2868 1027 2932 virtutis·

113 2967 227 3049 Itaque
252 2989 324 3031 eum
339 2968 450 3032 habuit
473 2970 514 3033 ad
528 2991 658 3033 manum
675 2971 797 3034 scribae
819 2971 910 3051 loco;
934 2970 1054 3054 quode

114 3070 215 3133 multo
238 3070 324 3154 apud
341 3071 455 3135 Graios
470 3073 731 3136 honorificentius
752 3079 801 3136 est
817 3094 911 3157 quam
934 3074 1020 3159 apud

113 3173 289 3237 Romanos.
341 3174 488 3259 Namque
526 3176 612 3260 apud
648 3196 706 3239 nos
741 3196 777 3238 re
809 3196 901 3257 vera,
938 3177 1019 3240 sicut

113 3282 201 3357 sunt,
231 3279 442 3341 mercennarii
464 3279 586 3343 scribae
611 3280 849 3343 existimantur:
878 3285 911 3342 at
932 3279 1017 3363 apud

112 3380 184 3444 illos
208 3401 225 3445 e
249 3380 408 3443 contrario
431 3401 526 3445 nemo
557 3382 597 3444 ad
623 3381 658 3444 id
681 3382 819 3445 officium
842 3380 1018 3445 admittitur
