2400 3848
167 196 224 254 132
509 195 587 237 xxrv.
606 195 686 236 carc.
706 197 725 237 s

166 347 252 406 sorte
288 342 485 427 provinciam
521 348 632 407 nactus
664 343 854 429 Hispaniam
890 342 1073 408 citeriorem

135 466 209 510 aex
230 467 292 531 qua
313 447 509 531 triumphum
533 446 724 531 deportavit.
769 447 820 511 Ibi
849 468 922 510 cum
954 444 1073 509 diutius

165 557 362 634 moraretur,
394 550 431 614 P.
464 550 570 635 Scipio
601 548 771 614 Africanus
803 549 914 615 consul
943 550 1072 631 iterum,

165 652 254 716 euius
282 652 315 716 in
336 653 436 737 priori
458 654 624 717 consulatu
647 659 797 739 quaestor
819 653 939 736 fuerat,
970 651 1075 716 voluit

166 775 240 818 eum
263 755 303 819 de
326 755 490 840 provincia
511 755 674 841 depellere
698 757 821 841 etipse
845 755 875 820 ei
898 755 1073 821 succedere

164 879 268 944 neque
291 858 353 922 hoc
375 880 434 944 per
456 863 602 922 senatum
619 859 745 923 efficere
768 859 883 944 potuit,
907 879 980 922 cum
1002 857 1072 942 qui-

166 962 241 1027 dem
272 961 377 1047 Scipio
415 963 629 1048 principatum
665 963 699 1024 in
736 961 864 1026 civitate
903 961 1072 1042 obtineret,

165 1065 253 1150 quod
274 1072 343 1129 tum
364 1087 430 1131 non
444 1067 598 1151 potentia,
622 1065 681 1130 sed
702 1067 771 1131 iure
793 1064 994 1149 respublica
1015 1063 1072 1127 ad·

164 1170 410 1234 ministrabatur.
443 1170 515 1244 Qua
537 1191 579 1236 ex
600 1191 636 1234 re
652 1171 750 1233 iratus
766 1169 891 1233 senatui
906 1167 1073 1232 consulatu

135 1278 294 1357 aperaeto
317 1275 458 1358 privatus
480 1275 514 1338 in
535 1275 615 1338 urbe
637 1274 763 1338 mansit.
798 1271 845 1336 At
861 1271 941 1338 Cato
958 1292 1073 1338 censor

166 1396 238 1440 oum
275 1375 391 1440 eodem
428 1376 545 1441 Flacco
581 1377 682 1440 factus
719 1396 831 1441 severe
866 1375 1006 1460 praefuit
1041 1375 1073 1440 ei

164 1479 327 1563 potestati.
371 1479 455 1542 Nam
477 1480 566 1544 etin
589 1479 769 1564 complures
784 1480 909 1551 nobiles
928 1479 1072 1544 animad-

164 1583 262 1646 vertit
292 1587 326 1648 et
352 1584 468 1647 multas
497 1605 547 1648 res
575 1604 677 1647 novas
704 1584 738 1648 in
768 1583 909 1648 edictum
937 1582 1072 1667 addidit,

166 1706 229 1770 qua
250 1707 285 1750 re
308 1686 435 1749 luxuria
455 1687 701 1772 reprimeretur,
731 1707 812 1772 quae
841 1687 905 1750 iam
931 1691 1001 1750 tum
1022 1686 1071 1750 in·

134 1821 148 1858 4
166 1789 305 1873 cipiebat
318 1790 486 1874 pullulare.
511 1789 645 1854 Oirciter
661 1811 761 1854 annos
778 1790 950 1873 octoginta,
970 1809 1072 1874 usque

166 1891 208 1955 ad
231 1898 408 1956 extremam
438 1897 577 1957 aetatem
604 1893 643 1956 ab
673 1893 906 1972 adulescentia,
935 1892 985 1957 rei
1011 1912 1071 1977 pu·

163 1995 266 2059 blicae
304 2016 400 2059 causa
435 1997 597 2080 suscipere
628 1996 809 2059 inimicitias
837 2016 904 2060 non
938 1995 1071 2061 destitit.

163 2097 195 2161 Α
215 2099 323 2162 multis
343 2103 483 2163 tentatus
505 2120 571 2164 non
589 2099 686 2163 modo
702 2100 827 2163 nullum
842 2097 1073 2163 detrimentum

165 2201 409 2266 existimationis
437 2202 532 2286 feeit,
561 2203 636 2286 sed,
668 2202 776 2287 quoad
797 2201 894 2283 vixit,
915 2201 1072 2266 virtutum

164 2303 258 2367 laude
283 2304 393 2368 crevit.

135 2444 147 2481 1
227 2407 289 2470 ΙΠ.
319 2408 359 2470 ln
375 2409 521 2473 omnibus
539 2409 635 2474 rebus
650 2409 804 2493 singulari
824 2408 885 2472 fuit
898 2408 1071 2475 industria:
1106 2461 1109 2465 «

163 2532 237 2575 nam
260 2517 293 2575 et
315 2512 456 2595 agricola
478 2512 593 2576 sollers
616 2517 649 2576 et
670 2512 792 2596 peritus
813 2511 1073 2577 iurisconsultus

164 2619 197 2678 at
218 2635 353 2697 magnus
375 2615 550 2698 imperator
580 2620 613 2680 et
633 2615 806 2700 probabilis
830 2620 938 2679 orator
960 2621 995 2679 et
1016 2636 1072 2681 cu·

130 2716 345 2802 apidissimus
366 2718 545 2783 litterarum
567 2719 637 2783 fuit.
683 2718 827 2792 Quarum
846 2717 988 2782 studium
1011 2719 1073 2784 etsi

163 2821 270 2884 senior
286 2821 472 2905 arripuerat,
494 2827 604 2886 tamen
618 2829 744 2887 tantum
757 2843 966 2908 progressum
983 2823 1072 2908 fecit,

163 2930 199 2988 ut
226 2946 291 2988 non
319 2925 412 2990 facile
442 2927 578 3010 reperiri
605 2928 708 3011 possit
734 2947 839 3012 neque
870 2925 910 2991 de
938 2925 1072 2993 Graecis

163 3050 268 3115 neque
285 3028 326 3094 de
340 3029 460 3095 Italicis
475 3032 581 3113 rebus,
604 3032 691 3116 quod
707 3031 737 3096 ei
751 3030 847 3095 fuerit
860 3030 1070 3114 incognitum.

130 3156 142 3195 a
163 3131 216 3196 Ab
239 3132 456 3199 adulescentia
475 3136 612 3200 confecit
629 3137 800 3199 orationes.
839 3133 948 3198 Senex
968 3133 1070 3198 histo·

163 3237 227 3299 rias
249 3237 389 3301 scribere
411 3239 558 3302 instituit.
602 3237 722 3302 Earum
743 3243 817 3302 sunt
838 3236 911 3299 libri
932 3241 1069 3322 septem.

163 3337 290 3403 Primus
305 3341 449 3405 continet
469 3362 521 3405 res
543 3346 649 3424 gestas
665 3361 779 3424 regum
793 3339 905 3423 populi
918 3337 1069 3418 Romani,
