2400 3848
466 230 483 268 1.
503 228 668 269 amuranus.
689 231 707 267 s.
1020 226 1038 287 q

135 398 215 463 quae
245 377 278 440 in
311 376 526 460 oppugnando
552 377 669 462 oppido
694 382 870 462 acceperat.
914 376 1038 461 Itaque,

134 481 296 565 cumipse
319 501 378 565 pro
408 502 442 544 se
466 481 573 544 dicere
596 501 662 544 non
683 486 808 566 posset,
837 479 936 544 verba
963 480 1039 544 feeit

132 585 231 647 frater
254 583 322 647 eius
337 582 531 667 Stesagbras.
578 582 682 647 Causa
700 584 827 666 cognita
850 583 960 665 eapitis
983 582 1072 646 ab-rr

133 686 254 749 solutus
276 685 413 770 pecunia
433 685 585 749 multatus
614 691 663 748 est
686 706 787 770 eaque
815 685 854 748 lis
883 685 1037 769 quinqua·

133 789 221 872 ginta
242 787 371 852 talentis
394 788 562 851 aestimata
584 792 648 870 est,
680 775 822 871 quantus¹
842 789 876 851 in
905 788 1038 851 classem

132 896 276 974 sumptus
298 890 399 953 laetus
423 895 501 954 erat.
544 889 639 954 Hane
660 892 829 975 pecuniam
858 889 945 974 quod
973 891 1036 954 sol-

132 1014 208 1058 vere
229 993 264 1056 in
285 994 467 1077 praesentia
484 1015 549 1058 non
570 999 707 1079 poterat,
729 995 763 1058 in
783 995 888 1058 vinela
910 994 1049 1085 publiea.

132 1098 294 1162 coniectus
317 1103 367 1161 ost
388 1097 494 1182 ibique
519 1097 604 1162 diem
628 1098 705 1161 obiit
728 1115 921 1183 supremum.

194 1199 288 1263 VIII.
318 1199 383 1264 Hie
406 1201 466 1264 etsi
495 1200 626 1266 erimine
656 1195 751 1264 Pario
783 1207 831 1264 est
861 1208 1068 1284 accusatus‚1

132 1310 241 1368 tamen
278 1303 340 1366 alia
375 1323 471 1368 eausa
511 1303 571 1366 fuit
609 1302 829 1368 damnationis.
888 1305 1035 1391 Namque

131 1405 346 1471 Athenienses
373 1410 505 1490 propter
527 1406 684 1470 Pisistrati
712 1407 922 1491 tyrannidem,
954 1430 1035 1493 quae

132 1510 240 1594 paucis
262 1511 351 1573 anuis
374 1514 447 1574 ante
469 1508 582 1592 fuerat,
606 1508 737 1571 nimiam
767 1511 883 1574 oivium
906 1528 1035 1576 suorum

26 1677 29 1681 ,
131 1614 308 1697 potentiam
336 1612 597 1678 extimescebam.
645 1612 807 1678 Miltiades
838 1615 974 1679 multum
1002 1617 1068 1682 ins

130 1717 272 1801 imperiis
306 1715 606 1799 magistratibusque
635 1721 780 1781 versatus
809 1734 874 1780 non
903 1717 1033 1783 videba-

130 1825 182 1883 tur
204 1840 299 1903 posse
323 1840 394 1884 esse
415 1820 567 1903 privatus,
593 1820 782 1903 praesertim
805 1841 877 1883 oum
900 1836 1033 1885 eonsue-v

131 1921 241 1984 tudine
275 1919 317 1983 ad
349 1921 474 2004 imperii
506 1920 713 2005 cupiditatem
746 1923 829 1986 trahi
861 1923 1034 1989 videretur.

131 2022 182 2086 Ita
209 2023 243 2086 in
273 2021 474 2086 Chersoneso
506 2043 617 2087 omnes
644 2023 726 2105 illos,
757 2045 837 2109 quos
866 2027 1068 2110 habitarat‚a

132 2147 232 2190 annos
260 2131 449 2210 perpetuam
486 2126 665 2191 obtinuerat
701 2127 952 2193 dominationem
984 2137 1034 2215 ty·

131 2250 312 2314 rannusquo
334 2229 439 2294 fluerat
456 2230 643 2313 appellatus,
666 2230 725 2296 sed
746 2233 862 2296 iustus:
885 2254 951 2298 non
967 2241 1035 2299 erat

132 2335 218 2399 enim
239 2335 273 2397 ri
300 2338 500 2415 consecutus,
530 2333 587 2397 sed
609 2353 738 2397 suorum
760 2334 924 2400 uoluntate
948 2357 1033 2400 eam-

131 2460 194 2524 que
214 2443 407 2523 potestatem
427 2438 571 2502 bonitate
588 2437 754 2502 retinebat.
793 2437 912 2504 Omnes
928 2446 1034 2504 autem

132 2549 165 2608 et
196 2542 342 2607 dicuntur
373 2548 406 2606 at
436 2541 594 2606 habentur
624 2542 765 2626 tyranni,
799 2543 854 2625 qui
874 2548 1032 2625 potestate

132 2653 204 2710 sunt
231 2645 442 2730 perpetuam
465 2644 667 2725 enutritae,
698 2665 779 2728 quae
807 2643 954 2709 libertate
976 2667 1034 2711 usa

131 2755 189 2814 est.
220 2748 286 2813 Sed
306 2749 339 2812 in
357 2746 502 2811 Miltiade
524 2751 593 2810 erat
615 2766 687 2809 oum
710 2766 833 2809 summa
853 2745 1032 2812 humanitas
1054 2776 1064 2812 4

131 2855 199 2914 tum
213 2852 294 2914 mira
309 2851 527 2931 communitas,
548 2854 584 2913 ut
597 2870 691 2914 nemo
708 2855 773 2912 tam
788 2848 915 2911 humilis
939 2857 1031 2934 esset,

132 2955 182 3018 oui
203 2975 269 3018 non
283 2954 325 3017 ad
348 2974 422 3018 eum
444 2952 548 3016 aditus
570 2958 705 3037 pateret,
728 2972 844 3035 magna
861 2955 1032 3018 auotoritas

130 3057 217 3142 apud
248 3077 358 3123 omnes
390 3058 551 3138 civitates,
582 3056 690 3120 nobile
721 3076 854 3135 nomen,
885 3055 954 3118 laus
984 3060 1031 3122 rai

130 3161 274 3224 militaris
289 3161 438 3223 maxima.
468 3159 559 3224 Haeo
581 3160 718 3243 populus
733 3159 905 3243 respiciens
920 3161 1031 3224 maluit

129 3263 219 3326 illum
248 3263 414 3326 innoxium
443 3262 540 3346 pleoti
568 3282 662 3347 quam
691 3283 725 3326 sa
754 3261 870 3325 diutius
899 3284 968 3329 esse
997 3266 1028 3328 in

129 3367 253 3431 timore.

814 3473 826 3519 1
836 3467 876 3502 aa
