<?xml version="1.0" encoding="UTF-8"?>
<!DOCTYPE html PUBLIC "-//W3C//DTD XHTML 1.0 Transitional//EN"
    "http://www.w3.org/TR/xhtml1/DTD/xhtml1-transitional.dtd">
<html xmlns="http://www.w3.org/1999/xhtml" xml:lang="en" lang="en">
 <head>
  <title>
</title>
<meta http-equiv="Content-Type" content="text/html;charset=utf-8" />
  <meta name='ocr-system' content='tesseract 3.04.00' />
  <meta name='ocr-capabilities' content='ocr_page ocr_carea ocr_par ocr_line ocrx_word'/>
</head>
<body>
  <div class='ocr_page' id='page_1' title='image "./corneliinepotis15nepogoog_0124.png"; bbox 0 0 2400 3848; ppageno 0'>
   <div class='ocr_carea' id='block_1_1' title="bbox 431 234 1026 306">
    <p class='ocr_par' dir='ltr' id='par_1_1' title="bbox 431 234 1026 306">
     <span class='ocr_line' id='line_1_1' title="bbox 431 234 1026 306; baseline 0.002 -18"><span class='ocrx_word' id='word_1_1' title='bbox 431 247 512 288; x_wconf 87' lang='lat' dir='ltr'>xvm.</span> <span class='ocrx_word' id='word_1_2' title='bbox 533 234 676 288; x_wconf 82' lang='grc'><strong>1111111110.</strong></span> <span class='ocrx_word' id='word_1_3' title='bbox 697 249 715 288; x_wconf 82' lang='lat' dir='ltr'>s.</span> <span class='ocrx_word' id='word_1_4' title='bbox 988 250 1026 306; x_wconf 77' lang='lat' dir='ltr'>qq</span> 
     </span>
    </p>
   </div>
   <div class='ocr_carea' id='block_1_2' title="bbox 115 397 1061 3367">
    <p class='ocr_par' dir='ltr' id='par_1_2' title="bbox 115 397 1061 3367">
     <span class='ocr_line' id='line_1_2' title="bbox 117 397 1026 484; baseline -0.001 -23"><span class='ocrx_word' id='word_1_5' title='bbox 117 402 152 462; x_wconf 90' lang='lat' dir='ltr'>et</span> <span class='ocrx_word' id='word_1_6' title='bbox 181 397 343 483; x_wconf 72' lang='lat' dir='ltr'>Antigdne</span> <span class='ocrx_word' id='word_1_7' title='bbox 380 420 551 484; x_wconf 84' lang='lat' dir='ltr'>rerumque</span> <span class='ocrx_word' id='word_1_8' title='bbox 589 421 711 464; x_wconf 86' lang='lat' dir='ltr'>summa</span> <span class='ocrx_word' id='word_1_9' title='bbox 746 399 788 463; x_wconf 85' lang='lat' dir='ltr'>ad</span> <span class='ocrx_word' id='word_1_10' title='bbox 820 397 1026 483; x_wconf 78' lang='lat' dir='ltr'><strong>Antipatrum</strong></span> 
     </span>
     <span class='ocr_line' id='line_1_3' title="bbox 119 501 1025 587; baseline -0.002 -21"><span class='ocrx_word' id='word_1_11' title='bbox 119 501 272 566; x_wconf 85' lang='lat' dir='ltr'>defertur.</span> <span class='ocrx_word' id='word_1_12' title='bbox 310 502 374 566; x_wconf 92' lang='lat' dir='ltr'>Hic</span> <span class='ocrx_word' id='word_1_13' title='bbox 404 503 457 587; x_wconf 94' lang='lat' dir='ltr'>qui</span> <span class='ocrx_word' id='word_1_14' title='bbox 486 503 709 585; x_wconf 80' lang='lat' dir='ltr'>deseruerant,</span> <span class='ocrx_word' id='word_1_15' title='bbox 740 502 884 566; x_wconf 88' lang='lat' dir='ltr'>exercitu</span> <span class='ocrx_word' id='word_1_16' title='bbox 913 502 1025 565; x_wconf 87' lang='lat' dir='ltr'>suffra-</span> 
     </span>
     <span class='ocr_line' id='line_1_4' title="bbox 118 605 1026 691; baseline -0.002 -21"><span class='ocrx_word' id='word_1_17' title='bbox 118 606 207 690; x_wconf 89' lang='lat' dir='ltr'>gium</span> <span class='ocrx_word' id='word_1_18' title='bbox 229 606 352 671; x_wconf 84' lang='lat' dir='ltr'>ferente</span> <span class='ocrx_word' id='word_1_19' title='bbox 376 607 488 691; x_wconf 87' lang='lat' dir='ltr'>capitis</span> <span class='ocrx_word' id='word_1_20' title='bbox 511 606 660 670; x_wconf 89' lang='lat' dir='ltr'>absentes</span> <span class='ocrx_word' id='word_1_21' title='bbox 684 606 890 687; x_wconf 76' lang='lat' dir='ltr'>damnantur,</span> <span class='ocrx_word' id='word_1_22' title='bbox 921 605 955 668; x_wconf 91' lang='grc'>11</span> <span class='ocrx_word' id='word_1_23' title='bbox 977 605 1026 668; x_wconf 90' lang='lat' dir='ltr'>his</span> 
     </span>
     <span class='ocr_line' id='line_1_5' title="bbox 119 708 1026 793; baseline -0.002 -20"><span class='ocrx_word' id='word_1_24' title='bbox 119 709 290 774; x_wconf 81' lang='lat' dir='ltr'>Eumenes.</span> <span class='ocrx_word' id='word_1_25' title='bbox 322 708 393 772; x_wconf 89' lang='lat' dir='ltr'>Hac</span> <span class='ocrx_word' id='word_1_26' title='bbox 415 709 469 772; x_wconf 91' lang='lat' dir='ltr'>ille</span> <span class='ocrx_word' id='word_1_27' title='bbox 484 709 649 793; x_wconf 88' lang='lat' dir='ltr'>perculsus</span> <span class='ocrx_word' id='word_1_28' title='bbox 664 709 759 793; x_wconf 85' lang='lat' dir='ltr'>plaga</span> <span class='ocrx_word' id='word_1_29' title='bbox 781 730 845 772; x_wconf 92' lang='lat' dir='ltr'>non</span> <span class='ocrx_word' id='word_1_30' title='bbox 861 709 1026 772; x_wconf 78' lang='lat' dir='ltr'>succubuit</span> 
     </span>
     <span class='ocr_line' id='line_1_6' title="bbox 117 811 1025 897; baseline 0.001 -21"><span class='ocrx_word' id='word_1_31' title='bbox 117 833 222 897; x_wconf 90' lang='lat' dir='ltr'>neque</span> <span class='ocrx_word' id='word_1_32' title='bbox 247 832 286 876; x_wconf 91' lang='grc' dir='ltr'>οο</span> <span class='ocrx_word' id='word_1_33' title='bbox 311 811 551 876; x_wconf 88' lang='lat' dir='ltr'>setius&#39;bellum</span> <span class='ocrx_word' id='word_1_34' title='bbox 567 811 808 876; x_wconf 80' lang='lat' dir='ltr'>administravit.</span> <span class='ocrx_word' id='word_1_35' title='bbox 842 812 907 876; x_wconf 81' lang='lat' dir='ltr'>Sed</span> <span class='ocrx_word' id='word_1_36' title='bbox 924 813 1025 877; x_wconf 87' lang='lat' dir='ltr'>exiles</span> 
     </span>
     <span class='ocr_line' id='line_1_7' title="bbox 118 911 1024 1000; baseline 0.003 -22"><span class='ocrx_word' id='word_1_37' title='bbox 118 936 170 980; x_wconf 92' lang='lat' dir='ltr'>res</span> <span class='ocrx_word' id='word_1_38' title='bbox 201 915 298 979; x_wconf 87' lang='lat' dir='ltr'>animi</span> <span class='ocrx_word' id='word_1_39' title='bbox 329 914 582 998; x_wconf 86' lang='lat' dir='ltr'>magnitudinem</span> <span class='ocrx_word' id='word_1_40' title='bbox 592 911 604 995; x_wconf 82' lang='lat'>,&#39;</span> <span class='ocrx_word' id='word_1_41' title='bbox 638 914 698 978; x_wconf 86' lang='grc'><strong>0101</strong></span> <span class='ocrx_word' id='word_1_42' title='bbox 730 936 795 978; x_wconf 87' lang='grc'>101</span> <span class='ocrx_word' id='word_1_43' title='bbox 826 915 1024 1000; x_wconf 82' lang='lat' dir='ltr'>frangebant,</span> 
     </span>
     <span class='ocr_line' id='line_1_8' title="bbox 117 1016 1059 1103; baseline -0.001 -21"><span class='ocrx_word' id='word_1_44' title='bbox 117 1024 233 1084; x_wconf 87' lang='lat' dir='ltr'>tamen</span> <span class='ocrx_word' id='word_1_45' title='bbox 248 1019 443 1083; x_wconf 88' lang='lat' dir='ltr'>minuebant.</span> <span class='ocrx_word' id='word_1_46' title='bbox 488 1017 585 1082; x_wconf 92' lang='lat' dir='ltr'>Hunc</span> <span class='ocrx_word' id='word_1_47' title='bbox 615 1037 811 1102; x_wconf 90' lang='lat' dir='ltr'>persequens</span> <span class='ocrx_word' id='word_1_48' title='bbox 833 1016 1024 1103; x_wconf 79' lang='lat' dir='ltr'>Antigbnus,</span> <span class='ocrx_word' id='word_1_49' title='bbox 1046 1042 1059 1081; x_wconf 79' lang='grc'>1</span> 
     </span>
     <span class='ocr_line' id='line_1_9' title="bbox 117 1119 1024 1206; baseline 0.001 -21"><span class='ocrx_word' id='word_1_50' title='bbox 117 1122 301 1186; x_wconf 92' lang='lat' dir='ltr'>cumomni</span> <span class='ocrx_word' id='word_1_51' title='bbox 325 1141 444 1206; x_wconf 81' lang='lat' dir='ltr'>genere</span> <span class='ocrx_word' id='word_1_52' title='bbox 468 1121 632 1204; x_wconf 86' lang='lat' dir='ltr'>copiarum</span> <span class='ocrx_word' id='word_1_53' title='bbox 654 1119 848 1202; x_wconf 89' lang='lat' dir='ltr'>abundaret,</span> <span class='ocrx_word' id='word_1_54' title='bbox 871 1142 967 1205; x_wconf 88' lang='lat' dir='ltr'>saepe</span> <span class='ocrx_word' id='word_1_55' title='bbox 991 1123 1024 1187; x_wconf 91' lang='lat' dir='ltr'>in</span> 
     </span>
     <span class='ocr_line' id='line_1_10' title="bbox 116 1225 1024 1310; baseline 0.003 -22"><span class='ocrx_word' id='word_1_56' title='bbox 116 1226 283 1290; x_wconf 86' lang='lat' dir='ltr'>itineribus</span> <span class='ocrx_word' id='word_1_57' title='bbox 305 1225 483 1289; x_wconf 84' lang='lat' dir='ltr'>vexabatur</span> <span class='ocrx_word' id='word_1_58' title='bbox 511 1245 616 1310; x_wconf 90' lang='lat' dir='ltr'>neque</span> <span class='ocrx_word' id='word_1_59' title='bbox 646 1246 797 1308; x_wconf 91' lang='lat' dir='ltr'>umquam</span> <span class='ocrx_word' id='word_1_60' title='bbox 825 1225 866 1289; x_wconf 89' lang='lat' dir='ltr'>ad</span> <span class='ocrx_word' id='word_1_61' title='bbox 895 1247 1024 1291; x_wconf 87' lang='lat' dir='ltr'>manum</span> 
     </span>
     <span class='ocr_line' id='line_1_11' title="bbox 116 1328 1024 1412; baseline 0 -19"><span class='ocrx_word' id='word_1_62' title='bbox 116 1330 272 1394; x_wconf 85' lang='lat' dir='ltr'>accedere</span> <span class='ocrx_word' id='word_1_63' title='bbox 288 1330 406 1394; x_wconf 80' lang='lat' dir='ltr'>licebat</span> <span class='ocrx_word' id='word_1_64' title='bbox 420 1330 480 1393; x_wconf 88' lang='lat' dir='ltr'>nisi</span> <span class='ocrx_word' id='word_1_65' title='bbox 502 1329 540 1392; x_wconf 91' lang='lat' dir='ltr'>iis</span> <span class='ocrx_word' id='word_1_66' title='bbox 562 1328 651 1410; x_wconf 91' lang='lat' dir='ltr'>locis,</span> <span class='ocrx_word' id='word_1_67' title='bbox 676 1328 788 1412; x_wconf 88' lang='lat' dir='ltr'>quibus</span> <span class='ocrx_word' id='word_1_68' title='bbox 804 1330 897 1412; x_wconf 88' lang='lat' dir='ltr'>pauci</span> <span class='ocrx_word' id='word_1_69' title='bbox 917 1331 1024 1393; x_wconf 90' lang='lat' dir='ltr'>multis</span> 
     </span>
     <span class='ocr_line' id='line_1_12' title="bbox 115 1431 1057 1518; baseline 0.001 -20"><span class='ocrx_word' id='word_1_70' title='bbox 115 1438 250 1518; x_wconf 88' lang='lat' dir='ltr'>possent</span> <span class='ocrx_word' id='word_1_71' title='bbox 277 1433 436 1497; x_wconf 90' lang='lat' dir='ltr'>resistere.</span> <span class='ocrx_word' id='word_1_72' title='bbox 483 1431 547 1496; x_wconf 84' lang='lat' dir='ltr'>Sed</span> <span class='ocrx_word' id='word_1_73' title='bbox 579 1438 725 1494; x_wconf 87' lang='lat' dir='ltr'>extremo</span> <span class='ocrx_word' id='word_1_74' title='bbox 757 1436 919 1516; x_wconf 91' lang='lat' dir='ltr'>tempore,</span> <span class='ocrx_word' id='word_1_75' title='bbox 952 1455 1057 1500; x_wconf 84' lang='grc'><strong>01111</strong></span> 
     </span>
     <span class='ocr_line' id='line_1_13' title="bbox 116 1533 1023 1620; baseline 0.001 -21"><span class='ocrx_word' id='word_1_76' title='bbox 116 1536 249 1601; x_wconf 88' lang='lat' dir='ltr'>consilio</span> <span class='ocrx_word' id='word_1_77' title='bbox 274 1537 344 1620; x_wconf 87' lang='lat' dir='ltr'>capi</span> <span class='ocrx_word' id='word_1_78' title='bbox 372 1557 438 1600; x_wconf 92' lang='lat' dir='ltr'>non</span> <span class='ocrx_word' id='word_1_79' title='bbox 459 1540 584 1619; x_wconf 90' lang='lat' dir='ltr'>posset,</span> <span class='ocrx_word' id='word_1_80' title='bbox 616 1533 818 1598; x_wconf 84' lang='lat' dir='ltr'>multitudine</span> <span class='ocrx_word' id='word_1_81' title='bbox 842 1535 1023 1600; x_wconf 88' lang='lat' dir='ltr'>circumitus</span> 
     </span>
     <span class='ocr_line' id='line_1_14' title="bbox 118 1639 1025 1722; baseline 0.001 -20"><span class='ocrx_word' id='word_1_82' title='bbox 118 1643 176 1702; x_wconf 90' lang='lat' dir='ltr'>est.</span> <span class='ocrx_word' id='word_1_83' title='bbox 214 1639 300 1703; x_wconf 92' lang='lat' dir='ltr'>Hinc</span> <span class='ocrx_word' id='word_1_84' title='bbox 315 1644 423 1703; x_wconf 89' lang='lat' dir='ltr'>tamen</span> <span class='ocrx_word' id='word_1_85' title='bbox 440 1639 547 1702; x_wconf 86' lang='lat' dir='ltr'>multis</span> <span class='ocrx_word' id='word_1_86' title='bbox 570 1639 634 1702; x_wconf 90' lang='lat' dir='ltr'>suis</span> <span class='ocrx_word' id='word_1_87' title='bbox 658 1639 779 1702; x_wconf 88' lang='lat' dir='ltr'>amissis</span> <span class='ocrx_word' id='word_1_88' title='bbox 800 1659 834 1703; x_wconf 94' lang='lat' dir='ltr'>se</span> <span class='ocrx_word' id='word_1_89' title='bbox 859 1640 1025 1722; x_wconf 82' lang='lat' dir='ltr'>expedivit</span> 
     </span>
     <span class='ocr_line' id='line_1_15' title="bbox 117 1741 1023 1828; baseline 0.002 -23"><span class='ocrx_word' id='word_1_90' title='bbox 117 1746 151 1806; x_wconf 90' lang='lat' dir='ltr'>et</span> <span class='ocrx_word' id='word_1_91' title='bbox 171 1743 205 1805; x_wconf 91' lang='lat' dir='ltr'>in</span> <span class='ocrx_word' id='word_1_92' title='bbox 227 1742 394 1806; x_wconf 89' lang='lat' dir='ltr'>castellum</span> <span class='ocrx_word' id='word_1_93' title='bbox 415 1742 586 1826; x_wconf 85' lang='lat' dir='ltr'>Phrygiae,</span> <span class='ocrx_word' id='word_1_94' title='bbox 614 1741 701 1826; x_wconf 90' lang='lat' dir='ltr'>quod</span> <span class='ocrx_word' id='word_1_95' title='bbox 723 1742 813 1805; x_wconf 88' lang='lat' dir='ltr'>Nora</span> <span class='ocrx_word' id='word_1_96' title='bbox 834 1744 1023 1828; x_wconf 84' lang='lat' dir='ltr'>appellatur,</span> 
     </span>
     <span class='ocr_line' id='line_1_16' title="bbox 117 1845 1059 1930; baseline 0 -21"><span class='ocrx_word' id='word_1_97' title='bbox 117 1845 270 1929; x_wconf 83' lang='lat' dir='ltr'>confugit.</span> <span class='ocrx_word' id='word_1_98' title='bbox 314 1845 354 1909; x_wconf 92' lang='lat' dir='ltr'>In</span> <span class='ocrx_word' id='word_1_99' title='bbox 369 1848 438 1930; x_wconf 79' lang='lat' dir='ltr'>&#39;quo</span> <span class='ocrx_word' id='word_1_100' title='bbox 464 1867 536 1909; x_wconf 92' lang='lat' dir='ltr'>cum</span> <span class='ocrx_word' id='word_1_101' title='bbox 558 1845 844 1909; x_wconf 89' lang='lat' dir='ltr'>circumsederetur</span> <span class='ocrx_word' id='word_1_102' title='bbox 876 1853 909 1911; x_wconf 90' lang='grc'>01</span> <span class='ocrx_word' id='word_1_103' title='bbox 930 1868 1022 1912; x_wconf 83' lang='lat' dir='ltr'>vere·</span> <span class='ocrx_word' id='word_1_104' title='bbox 1044 1871 1059 1909; x_wconf 75' lang='grc'>1</span> 
     </span>
     <span class='ocr_line' id='line_1_17' title="bbox 116 1949 1022 2033; baseline 0.003 -22"><span class='ocrx_word' id='word_1_105' title='bbox 116 1953 221 2030; x_wconf 87' lang='lat' dir='ltr'>retur,</span> <span class='ocrx_word' id='word_1_106' title='bbox 252 1970 293 2013; x_wconf 89' lang='grc'>10</span> <span class='ocrx_word' id='word_1_107' title='bbox 315 1969 379 2011; x_wconf 90' lang='lat' dir='ltr'>uno</span> <span class='ocrx_word' id='word_1_108' title='bbox 403 1949 475 2010; x_wconf 92' lang='lat' dir='ltr'>loco</span> <span class='ocrx_word' id='word_1_109' title='bbox 498 1968 629 2011; x_wconf 87' lang='lat' dir='ltr'>manens</span> <span class='ocrx_word' id='word_1_110' title='bbox 653 1968 753 2029; x_wconf 90' lang='lat' dir='ltr'>equos</span> <span class='ocrx_word' id='word_1_111' title='bbox 774 1949 927 2013; x_wconf 89' lang='lat' dir='ltr'>militares</span> <span class='ocrx_word' id='word_1_112' title='bbox 949 1971 1022 2033; x_wconf 91' lang='lat' dir='ltr'>per·</span> 
     </span>
     <span class='ocr_line' id='line_1_18' title="bbox 117 2048 1023 2135; baseline 0.002 -21"><span class='ocrx_word' id='word_1_113' title='bbox 117 2048 219 2133; x_wconf 90' lang='lat' dir='ltr'>deret,</span> <span class='ocrx_word' id='word_1_114' title='bbox 243 2050 330 2135; x_wconf 91' lang='lat' dir='ltr'>quod</span> <span class='ocrx_word' id='word_1_115' title='bbox 352 2051 490 2135; x_wconf 89' lang='lat' dir='ltr'>spatium</span> <span class='ocrx_word' id='word_1_116' title='bbox 511 2069 577 2113; x_wconf 92' lang='lat' dir='ltr'>non</span> <span class='ocrx_word' id='word_1_117' title='bbox 601 2056 685 2113; x_wconf 88' lang='lat' dir='ltr'>esset</span> <span class='ocrx_word' id='word_1_118' title='bbox 699 2051 849 2133; x_wconf 83' lang='lat' dir='ltr'>agitandi,</span> <span class='ocrx_word' id='word_1_119' title='bbox 873 2052 1023 2116; x_wconf 91' lang='lat' dir='ltr'>callidum</span> 
     </span>
     <span class='ocr_line' id='line_1_19' title="bbox 116 2152 1021 2237; baseline 0.003 -20"><span class='ocrx_word' id='word_1_120' title='bbox 116 2154 176 2217; x_wconf 82' lang='lat' dir='ltr'>fuit</span> <span class='ocrx_word' id='word_1_121' title='bbox 198 2155 265 2218; x_wconf 92' lang='lat' dir='ltr'>eius</span> <span class='ocrx_word' id='word_1_122' title='bbox 281 2155 456 2234; x_wconf 88' lang='lat' dir='ltr'>inventum,</span> <span class='ocrx_word' id='word_1_123' title='bbox 480 2174 576 2237; x_wconf 89' lang='lat' dir='ltr'>quem</span> <span class='ocrx_word' id='word_1_124' title='bbox 595 2153 636 2216; x_wconf 89' lang='lat' dir='ltr'>ad</span> <span class='ocrx_word' id='word_1_125' title='bbox 651 2152 783 2217; x_wconf 93' lang='lat' dir='ltr'>modum</span> <span class='ocrx_word' id='word_1_126' title='bbox 798 2159 883 2218; x_wconf 85' lang='lat' dir='ltr'>stans</span> <span class='ocrx_word' id='word_1_127' title='bbox 898 2155 1021 2220; x_wconf 87' lang='lat' dir='ltr'>iumen-</span> 
     </span>
     <span class='ocr_line' id='line_1_20' title="bbox 116 2256 1023 2340; baseline 0.003 -21"><span class='ocrx_word' id='word_1_128' title='bbox 116 2262 185 2319; x_wconf 91' lang='lat' dir='ltr'>tum</span> <span class='ocrx_word' id='word_1_129' title='bbox 200 2256 403 2319; x_wconf 89' lang='lat' dir='ltr'>concalefieri</span> <span class='ocrx_word' id='word_1_130' title='bbox 419 2256 628 2337; x_wconf 87' lang='lat' dir='ltr'>exercerique</span> <span class='ocrx_word' id='word_1_131' title='bbox 646 2260 765 2339; x_wconf 91' lang='lat' dir='ltr'>posset,</span> <span class='ocrx_word' id='word_1_132' title='bbox 789 2277 850 2340; x_wconf 92' lang='lat' dir='ltr'>quo</span> <span class='ocrx_word' id='word_1_133' title='bbox 867 2263 899 2321; x_wconf 92' lang='lat' dir='ltr'>et</span> <span class='ocrx_word' id='word_1_134' title='bbox 920 2256 1023 2322; x_wconf 91' lang='lat' dir='ltr'>liben-</span> 
     </span>
     <span class='ocr_line' id='line_1_21' title="bbox 115 2357 1025 2442; baseline 0.007 -23"><span class='ocrx_word' id='word_1_135' title='bbox 115 2357 180 2420; x_wconf 88' lang='lat' dir='ltr'>tius</span> <span class='ocrx_word' id='word_1_136' title='bbox 203 2358 273 2422; x_wconf 89' lang='lat' dir='ltr'>cibo</span> <span class='ocrx_word' id='word_1_137' title='bbox 296 2364 440 2422; x_wconf 89' lang='lat' dir='ltr'>uteretur</span> <span class='ocrx_word' id='word_1_138' title='bbox 458 2363 491 2422; x_wconf 91' lang='lat' dir='ltr'>et</span> <span class='ocrx_word' id='word_1_139' title='bbox 513 2380 532 2422; x_wconf 86' lang='lat' dir='ltr'>a</span> <span class='ocrx_word' id='word_1_140' title='bbox 555 2361 696 2442; x_wconf 88' lang='lat' dir='ltr'>corporis</span> <span class='ocrx_word' id='word_1_141' title='bbox 719 2368 809 2425; x_wconf 90' lang='lat' dir='ltr'>motu</span> <span class='ocrx_word' id='word_1_142' title='bbox 831 2382 896 2425; x_wconf 93' lang='lat' dir='ltr'>non</span> <span class='ocrx_word' id='word_1_143' title='bbox 918 2382 1025 2425; x_wconf 90' lang='lat' dir='ltr'>remo·</span> 
     </span>
     <span class='ocr_line' id='line_1_22' title="bbox 117 2460 1061 2547; baseline 0.007 -25"><span class='ocrx_word' id='word_1_144' title='bbox 117 2464 255 2524; x_wconf 79' lang='lat' dir='ltr'>veretur.</span> <span class='ocrx_word' id='word_1_145' title='bbox 305 2460 549 2544; x_wconf 83' lang='lat' dir='ltr'>Substringebat</span> <span class='ocrx_word' id='word_1_146' title='bbox 580 2467 674 2544; x_wconf 88' lang='lat' dir='ltr'>caput</span> <span class='ocrx_word' id='word_1_147' title='bbox 701 2462 771 2524; x_wconf 89' lang='grc'><strong>1010</strong></span> <span class='ocrx_word' id='word_1_148' title='bbox 804 2463 899 2528; x_wconf 86' lang='grc'><strong>011110</strong></span> <span class='ocrx_word' id='word_1_149' title='bbox 929 2484 1061 2547; x_wconf 85' lang='lat' dir='ltr'>quams</span> 
     </span>
     <span class='ocr_line' id='line_1_23' title="bbox 116 2563 1024 2652; baseline 0.007 -28"><span class='ocrx_word' id='word_1_150' title='bbox 116 2567 153 2625; x_wconf 88' lang='grc'>111</span> <span class='ocrx_word' id='word_1_151' title='bbox 181 2563 341 2645; x_wconf 89' lang='lat' dir='ltr'>prioribus</span> <span class='ocrx_word' id='word_1_152' title='bbox 369 2563 505 2648; x_wconf 89' lang='lat' dir='ltr'>pedibus</span> <span class='ocrx_word' id='word_1_153' title='bbox 533 2564 629 2649; x_wconf 87' lang='lat' dir='ltr'>plane</span> <span class='ocrx_word' id='word_1_154' title='bbox 652 2571 771 2630; x_wconf 87' lang='lat' dir='ltr'>terram</span> <span class='ocrx_word' id='word_1_155' title='bbox 796 2573 906 2652; x_wconf 90' lang='lat' dir='ltr'>posset</span> <span class='ocrx_word' id='word_1_156' title='bbox 929 2569 1024 2631; x_wconf 88' lang='lat' dir='ltr'>attin·</span> 
     </span>
     <span class='ocr_line' id='line_1_24' title="bbox 115 2665 1024 2751; baseline 0.007 -24"><span class='ocrx_word' id='word_1_157' title='bbox 115 2685 211 2748; x_wconf 86' lang='lat' dir='ltr'>gere,</span> <span class='ocrx_word' id='word_1_158' title='bbox 241 2665 359 2730; x_wconf 91' lang='lat' dir='ltr'>deinde</span> <span class='ocrx_word' id='word_1_159' title='bbox 387 2671 461 2751; x_wconf 90' lang='lat' dir='ltr'>post</span> <span class='ocrx_word' id='word_1_160' title='bbox 489 2666 677 2731; x_wconf 80' lang='lat' dir='ltr'>verberibus</span> <span class='ocrx_word' id='word_1_161' title='bbox 701 2668 838 2751; x_wconf 86' lang='lat' dir='ltr'>cogebat</span> <span class='ocrx_word' id='word_1_162' title='bbox 861 2670 1024 2734; x_wconf 89' lang='lat' dir='ltr'>exsultare</span> 
     </span>
     <span class='ocr_line' id='line_1_25' title="bbox 116 2769 1024 2855; baseline 0.008 -25"><span class='ocrx_word' id='word_1_163' title='bbox 116 2772 151 2831; x_wconf 92' lang='lat' dir='ltr'>et</span> <span class='ocrx_word' id='word_1_164' title='bbox 173 2769 277 2833; x_wconf 87' lang='grc'><strong>001000</strong></span> <span class='ocrx_word' id='word_1_165' title='bbox 298 2771 480 2834; x_wconf 86' lang='lat' dir='ltr'>remittere:</span> <span class='ocrx_word' id='word_1_166' title='bbox 508 2773 562 2855; x_wconf 90' lang='lat' dir='ltr'>qui</span> <span class='ocrx_word' id='word_1_167' title='bbox 584 2779 690 2835; x_wconf 89' lang='lat' dir='ltr'>motus</span> <span class='ocrx_word' id='word_1_168' title='bbox 711 2793 777 2837; x_wconf 92' lang='lat' dir='ltr'>non</span> <span class='ocrx_word' id='word_1_169' title='bbox 799 2774 903 2838; x_wconf 89' lang='lat' dir='ltr'>minus</span> <span class='ocrx_word' id='word_1_170' title='bbox 927 2772 1024 2837; x_wconf 90' lang='lat' dir='ltr'>sudo·</span> 
     </span>
     <span class='ocr_line' id='line_1_26' title="bbox 117 2871 1023 2958; baseline 0.008 -26"><span class='ocrx_word' id='word_1_171' title='bbox 117 2890 186 2936; x_wconf 89' lang='lat' dir='ltr'>rem</span> <span class='ocrx_word' id='word_1_172' title='bbox 219 2871 404 2936; x_wconf 83' lang='lat' dir='ltr'>excutiebat</span> <span class='ocrx_word' id='word_1_173' title='bbox 436 2893 531 2956; x_wconf 88' lang='lat' dir='ltr'>quam</span> <span class='ocrx_word' id='word_1_174' title='bbox 562 2874 589 2936; x_wconf 94' lang='lat' dir='ltr'>si</span> <span class='ocrx_word' id='word_1_175' title='bbox 622 2874 655 2937; x_wconf 89' lang='lat' dir='ltr'>in</span> <span class='ocrx_word' id='word_1_176' title='bbox 688 2875 791 2958; x_wconf 89' lang='lat' dir='ltr'>spatio</span> <span class='ocrx_word' id='word_1_177' title='bbox 828 2874 1023 2939; x_wconf 89' lang='lat' dir='ltr'>decurreret.</span> 
     </span>
     <span class='ocr_line' id='line_1_27' title="bbox 117 2972 1061 3059; baseline 0.001 -23"><span class='ocrx_word' id='word_1_178' title='bbox 117 2972 190 3047; x_wconf 75' lang='lat' dir='ltr'>Quo</span> <span class='ocrx_word' id='word_1_179' title='bbox 219 2974 425 3057; x_wconf 74' lang='lat' dir='ltr'>factumest,</span> <span class='ocrx_word' id='word_1_180' title='bbox 454 2976 540 3059; x_wconf 93' lang='lat' dir='ltr'>quod</span> <span class='ocrx_word' id='word_1_181' title='bbox 564 2977 710 3041; x_wconf 90' lang='lat' dir='ltr'>omnibus</span> <span class='ocrx_word' id='word_1_182' title='bbox 737 2978 883 3041; x_wconf 90' lang='lat' dir='ltr'>mirabile</span> <span class='ocrx_word' id='word_1_183' title='bbox 906 2985 955 3042; x_wconf 93' lang='lat' dir='ltr'>est</span> <span class='ocrx_word' id='word_1_184' title='bbox 977 2978 1023 3041; x_wconf 85' lang='lat' dir='ltr'>vi-</span> <span class='ocrx_word' id='word_1_185' title='bbox 1047 2999 1061 3037; x_wconf 81' lang='grc'>1</span> 
     </span>
     <span class='ocr_line' id='line_1_28' title="bbox 116 3078 1024 3163; baseline 0.004 -25"><span class='ocrx_word' id='word_1_186' title='bbox 116 3096 205 3158; x_wconf 91' lang='lat' dir='ltr'>sum,</span> <span class='ocrx_word' id='word_1_187' title='bbox 227 3082 385 3162; x_wconf 81' lang='lat' dir='ltr'>uiaeque</span> <span class='ocrx_word' id='word_1_188' title='bbox 408 3078 510 3143; x_wconf 88' lang='lat' dir='ltr'>nitida</span> <span class='ocrx_word' id='word_1_189' title='bbox 532 3100 574 3142; x_wconf 88' lang='lat' dir='ltr'>ex</span> <span class='ocrx_word' id='word_1_190' title='bbox 596 3081 728 3144; x_wconf 87' lang='lat' dir='ltr'>castello</span> <span class='ocrx_word' id='word_1_191' title='bbox 753 3081 923 3163; x_wconf 87' lang='lat' dir='ltr'>educeret,</span> <span class='ocrx_word' id='word_1_192' title='bbox 953 3101 1024 3143; x_wconf 92' lang='lat' dir='ltr'>cum</span> 
     </span>
     <span class='ocr_line' id='line_1_29' title="bbox 118 3178 1024 3265; baseline 0.007 -25"><span class='ocrx_word' id='word_1_193' title='bbox 118 3178 300 3263; x_wconf 89' lang='lat' dir='ltr'>complures</span> <span class='ocrx_word' id='word_1_194' title='bbox 322 3201 450 3244; x_wconf 89' lang='lat' dir='ltr'>menses</span> <span class='ocrx_word' id='word_1_195' title='bbox 472 3182 503 3244; x_wconf 89' lang='lat' dir='ltr'>in</span> <span class='ocrx_word' id='word_1_196' title='bbox 527 3181 695 3247; x_wconf 87' lang='lat' dir='ltr'>obsidione</span> <span class='ocrx_word' id='word_1_197' title='bbox 725 3184 854 3265; x_wconf 85' lang='lat' dir='ltr'>fuisset,</span> <span class='ocrx_word' id='word_1_198' title='bbox 884 3204 921 3248; x_wconf 87' lang='lat' dir='ltr'>ac</span> <span class='ocrx_word' id='word_1_199' title='bbox 944 3184 970 3247; x_wconf 93' lang='lat' dir='ltr'>si</span> <span class='ocrx_word' id='word_1_200' title='bbox 992 3184 1024 3246; x_wconf 93' lang='lat' dir='ltr'>in</span> 
     </span>
     <span class='ocr_line' id='line_1_30' title="bbox 116 3282 1060 3367; baseline 0.002 -23"><span class='ocrx_word' id='word_1_201' title='bbox 116 3282 348 3367; x_wconf 85' lang='lat' dir='ltr'>campestribus</span> <span class='ocrx_word' id='word_1_202' title='bbox 371 3284 512 3348; x_wconf 84' lang='lat' dir='ltr'>calceis</span> <span class='ocrx_word' id='word_1_203' title='bbox 536 3286 712 3350; x_wconf 85' lang='lat' dir='ltr'>habuisset.</span> <span class='ocrx_word' id='word_1_204' title='bbox 751 3286 790 3351; x_wconf 94' lang='lat' dir='ltr'>In</span> <span class='ocrx_word' id='word_1_205' title='bbox 813 3288 872 3351; x_wconf 89' lang='lat' dir='ltr'>hae</span> <span class='ocrx_word' id='word_1_206' title='bbox 895 3287 1023 3351; x_wconf 91' lang='lat' dir='ltr'>conclu·</span> <span class='ocrx_word' id='word_1_207' title='bbox 1047 3307 1060 3346; x_wconf 82' lang='grc'>1</span> 
     </span>
    </p>
   </div>
   <div class='ocr_carea' id='block_1_3' title="bbox 115 3381 1023 3544">
    <p class='ocr_par' dir='ltr' id='par_1_3' title="bbox 115 3381 1023 3544">
     <span class='ocr_line' id='line_1_31' title="bbox 115 3381 1023 3473; baseline 0.009 -28"><span class='ocrx_word' id='word_1_208' title='bbox 115 3381 218 3466; x_wconf 90' lang='lat' dir='ltr'>sione,</span> <span class='ocrx_word' id='word_1_209' title='bbox 239 3385 527 3471; x_wconf 90' lang='lat' dir='ltr'>quotienscumque</span> <span class='ocrx_word' id='word_1_210' title='bbox 548 3388 666 3471; x_wconf 82' lang='lat' dir='ltr'>voluit,</span> <span class='ocrx_word' id='word_1_211' title='bbox 690 3396 877 3473; x_wconf 88' lang='lat' dir='ltr'>apparatum</span> <span class='ocrx_word' id='word_1_212' title='bbox 901 3395 933 3454; x_wconf 90' lang='grc'>01</span> <span class='ocrx_word' id='word_1_213' title='bbox 954 3410 1023 3453; x_wconf 92' lang='lat' dir='ltr'>mu-</span> 
     </span>
     <span class='ocr_line' id='line_1_32' title="bbox 832 3489 868 3544; baseline 0 -25"><span class='ocrx_word' id='word_1_214' title='bbox 832 3495 847 3544; x_wconf 81' lang='grc'><strong>6</strong></span> <span class='ocrx_word' id='word_1_215' title='bbox 855 3489 868 3519; x_wconf 61' lang='lat' dir='ltr'>U</span> 
     </span>
    </p>
   </div>
   <div class='ocr_carea' id='block_1_4' title="bbox 0 0 1204 3848">
    <p class='ocr_par' dir='ltr' id='par_1_4' title="bbox 0 0 1204 3848">
     <span class='ocr_line' id='line_1_33' title="bbox 0 0 1204 3848; baseline 0 0"><span class='ocrx_word' id='word_1_216' title='bbox 0 0 1204 3848; x_wconf 95' lang='lat' dir='ltr'> </span> 
     </span>
    </p>
   </div>
  </div>
 </body>
</html>
