2400 3848
376 190 405 259 n.
424 220 650 261 nnnnrsroonns.
670 221 689 261 ι.
950 221 985 277 15

80 366 326 432 Atheniensium
347 367 430 430 muri
458 388 501 432 ex
523 368 647 432 sacellis
670 358 885 454 sepulcrisque
909 388 985 432 con·

82 476 211 536 starent.

76 623 80 634 .
145 573 221 638 VII.
251 574 482 640 Themistocles
505 581 623 659 autem,
653 582 689 640 ut
709 575 985 640 Lacedaemdnem
1008 595 1019 636 1

81 681 184 764 venit,
212 682 301 747 adire
324 683 529 766 magistratus
558 681 679 763 noluit,
709 680 767 745 sed
791 680 880 744 dedit
904 702 981 764 ope·

79 809 157 871 ram,
175 793 211 851 ut
232 808 328 872 quam
350 789 535 872 longissime
551 797 677 875 tempus
694 790 835 873 duceret,
858 812 984 857 causam

79 894 285 977 interponens
313 913 347 957 se
372 894 512 978 collegas
535 900 735 979 exspectare.
780 895 862 960 Cum
883 895 1018 961 Lace-a

81 996 241 1061 daemonii
256 1003 465 1080 quererentur
482 1018 562 1081 opus
576 997 677 1060 nihilo
693 997 796 1061 minus
810 998 880 1062 fieri
895 1019 984 1063 eum·

79 1122 140 1185 que
163 1100 197 1163 in
220 1120 259 1165 ea
279 1120 315 1163 re
339 1101 448 1163 conari
470 1100 592 1182 fallere,
615 1100 742 1164 interim
757 1100 872 1184 reliqui
886 1100 985 1184 legati

80 1209 152 1268 sunt
174 1203 346 1271 consecuti.
384 1203 415 1266 A
438 1203 552 1287 quibus
568 1223 640 1267 cum
656 1203 797 1266 audisset
817 1224 884 1266 non
903 1203 984 1266 mul-

78 1311 147 1370 tum
169 1325 337 1390 superesse
360 1305 560 1387 munitionis,
593 1304 634 1368 ad
664 1305 800 1389 ephoros
821 1305 985 1370 Lacedae·

78 1409 259 1474 moniorum
291 1409 438 1490 accessit,
476 1428 575 1492 penes
610 1428 691 1492 quos
722 1428 880 1472 summum
917 1414 986 1472 erat

78 1512 258 1597 imperium,
282 1515 376 1594 atque
392 1509 479 1594 apud
501 1530 557 1589 eos
573 1510 738 1574 contendit
759 1511 839 1575 falsa
860 1512 898 1575 iis
915 1532 984 1578 esse

80 1613 202 1679 delata:
227 1634 324 1697 quare
348 1635 485 1698 aequum
509 1635 579 1679 esse
602 1615 674 1679 illos
693 1616 779 1680 viros
800 1616 903 1680 bonos
925 1637 984 1680 no·

78 1719 221 1804 bilesque
237 1717 376 1798 mittere,
400 1717 513 1802 quibus
534 1717 614 1782 fides
637 1717 818 1801 haberetur,
841 1717 987 1803 quirem

80 1824 302 1908 explorarent:
326 1822 450 1886 interea
472 1842 506 1884 se
531 1820 675 1885 obsidem
697 1821 881 1886 retinerent.
920 1821 1019 1888 (le-s

80 1933 146 1990 stus
177 1931 226 1990 est
258 1925 289 1989 ei
321 1945 391 1988 mos
421 1930 550 2008 tresque
587 1925 686 2008 legati
722 1924 822 1988 functi
853 1924 984 1989 summis

79 2028 254 2093 honoribus
268 2025 414 2091 Athenas
435 2027 524 2090 missi
539 2033 621 2092 sunt.
667 2025 748 2090 Cum
771 2026 820 2089 his
843 2027 985 2110 collegas

81 2152 155 2196 suos
188 2129 419 2194 Themistocles
451 2130 542 2193 iussit
573 2129 729 2213 proficisci
759 2129 860 2213 iisque
892 2150 984 2214 prae·

81 2234 176 2316 dixit,
207 2238 305 2298 utne
328 2231 415 2316 prius
436 2229 767 2296 Lacedaemoniorum
789 2232 913 2316 legatos
938 2233 984 2297 di·

44 2390 58 2401 .
78 2338 242 2401 mitterent
267 2356 363 2420 quam
393 2335 461 2420 ipse
486 2340 570 2401 esset
591 2335 751 2402 remissus.
796 2334 867 2400 Hos
896 2343 1018 2421 post-4

79 2460 174 2525 quam
186 2438 331 2502 Athenas
346 2437 531 2522 pervenisse
547 2442 635 2501 ratus
651 2442 709 2520 est,
725 2436 767 2501 ad
781 2437 984 2522 magistratus

79 2549 286 2627 senatumque
309 2540 639 2606 Lacedaemoniorum
663 2541 742 2605 adiit
764 2548 797 2608 et
820 2541 906 2628 apud
928 2564 985 2608 eos

78 2646 238 2711 liberrime
254 2645 417 2730 professus
440 2652 505 2711 est:
529 2645 744 2711 Athenienses
767 2667 824 2711 suo
841 2647 984 2729 consilio,

79 2747 166 2833 quod
181 2749 343 2812 communi
363 2748 432 2812 iure
447 2749 592 2831 gentium
614 2749 719 2814 faeere
739 2756 881 2836 possent,
906 2751 984 2815 deos

79 2852 223 2937 publicos
246 2871 383 2936 suosque
406 2851 528 2935 patrios
551 2873 588 2917 ao
609 2858 752 2937 penates,
777 2874 839 2938 quo
862 2854 984 2917 facilius

80 2955 119 3018 ab
142 2954 236 3019 hoste
258 2960 390 3040 possent
414 2953 606 3038 defendere,
628 2956 726 3019 muris
749 2956 904 3040 saepsisse
926 2975 983 3020 ne-

80 3079 142 3144 que
165 3059 198 3122 in
221 3079 277 3141 eo,
307 3058 394 3144 quod
415 3059 526 3124 inutile
550 3066 636 3124 esset
659 3059 831 3141 Graeciae,
859 3059 982 3125 fecisse.

79 3162 163 3226 Nam
185 3162 313 3225 illorum
326 3161 438 3226 urbem
460 3168 495 3225 ut
509 3162 786 3247 propugnaculum
802 3163 984 3247 oppositum
1007 3192 1019 3229 s

80 3284 150 3328 esse
173 3263 331 3346 barbaris,
360 3263 445 3348 apud
468 3286 562 3348 quam
584 3266 648 3329 iam
670 3266 718 3329 bis
741 3266 857 3330 classes
879 3267 984 3349 regias

80 3368 191 3433 fecisse
214 3367 423 3451 naufragium.
466 3366 740 3432 Lacedaemonios
771 3372 878 3433 autem
900 3369 1018 3439 males
