2400 3848
452 230 518 270 xxv.
537 229 665 270 annrcus.
684 229 716 270 ra
978 229 1034 288 145

129 378 365 464 concupiscere,
389 377 476 464 quod
498 400 518 443 a
538 379 683 463 plurimis
700 379 820 462 rideas,
844 378 1036 442 continentis

130 481 227 548 debet
243 482 316 547 duci
339 487 372 546 et
390 483 498 567 potius
515 481 681 565 diligentia
694 503 790 568 quam
802 482 908 567 pretio
922 500 1036 566 parare

129 607 194 651 non
209 587 381 651 mediocris
397 592 445 650 est
460 586 645 651 industriae.
668 585 819 670 Elegans,
834 605 900 649 non
913 585 1036 668 magni·
1058 607 1070 644 a

128 689 223 770 ficus3
245 688 441 774 splendidus,
464 710 531 754 non
552 695 757 775 sumptuosus
777 690 942 773 omnisque
966 688 1036 752 dili·

130 793 240 879 gentia
269 792 476 876 munditiam,
513 813 579 856 non
609 793 816 858 adfluentiam
846 792 1038 858 adfectabat.

130 898 286 983 Supellex
306 897 434 962 modica
459 918 525 962 non
547 899 663 981 multa,
684 902 722 961 ut
742 898 777 960 in
797 902 945 961 neutram
964 917 1037 982 par·

129 1008 197 1067 tem
220 1001 362 1086 conspici
382 1008 503 1087 posset.
544 1003 614 1067 Neo
628 1003 824 1087 praeterib0,
847 1023 1039 1088 quamquam
1061 1022 1073 1062 e

129 1107 292 1171 nonnullis
313 1108 386 1171 leve
415 1108 519 1171 visum
549 1107 589 1170 iri
610 1112 738 1192 putem,
770 1127 844 1171 cum
873 1107 907 1170 in
928 1107 1039 1191 primis

129 1211 236 1275 lautus
258 1215 344 1275 esset
365 1231 464 1296 eques
487 1209 653 1274 Romanus
681 1215 715 1275 et
735 1231 802 1274 non
823 1232 937 1295 parum
958 1209 1038 1273 libe-

130 1314 240 1378 raliter
262 1313 394 1377 domum
424 1334 513 1377 suam
543 1314 685 1377 omnium
715 1313 864 1377 ordinum
891 1312 1039 1378 homines

129 1417 292 1500 invitaret,
314 1437 381 1480 non
396 1417 530 1501 amplius
546 1437 641 1503 quam
656 1422 749 1481 terna
769 1417 857 1480 milia
878 1437 1039 1501 peraeque

131 1521 166 1587 in
186 1522 330 1605 singulos
346 1541 472 1586 menses
489 1541 532 1584 ex
548 1522 755 1606 ephemeride
771 1542 846 1586 eum
863 1541 1040 1606 expensum

133 1624 276 1708 sumptui
296 1623 380 1689 ferre
403 1624 544 1688 solitum.
587 1625 696 1709 Atque
719 1624 783 1688 hoc
804 1645 870 1688 non
884 1623 1041 1707 auditum,
1063 1643 1075 1685 r

132 1726 192 1791 sed
215 1727 379 1809 cognitum
400 1727 638 1812 praedicamus:
668 1748 766 1813 saepe
795 1729 881 1794 enim
909 1733 1042 1814 propter

132 1829 382 1894 familiaritatem
407 1829 589 1894 domesticis
610 1831 706 1895 rebus
728 1832 937 1896 interfuimus.

197 1933 291 1999 XIV.
319 1934 425 1999 Nemo
454 1935 488 1998 in
511 1935 657 1998 convivio
688 1935 756 1999 eius
786 1935 872 1999 aliud
894 1956 1043 2000 acroama
1065 1964 1073 2002 ι

134 2039 257 2104 audivit
297 2059 393 2123 quam
430 2044 647 2122 anagnosten,
691 2037 779 2124 quod
815 2059 875 2103 nos
911 2039 1043 2123 quidem

133 2141 395 2206 iucundissimum
425 2142 631 2225 arbitramur,
660 2162 764 2226 neque
794 2162 945 2226 umquam
974 2143 1042 2206 sine

134 2245 241 2328 aliqua
261 2245 400 2309 lectione
430 2244 516 2329 apud
545 2266 619 2308 eum
642 2250 789 2309 cenatum
820 2251 884 2328 est,
912 2251 949 2309 ut
977 2267 1044 2310 non

133 2348 239 2411 minus
254 2348 360 2411 animo
381 2368 477 2432 quam
491 2353 603 2413 ventre
620 2349 774 2413 convivae
790 2347 1042 2414 delectarentur:

134 2471 272 2536 namque
296 2471 353 2515 eos
374 2452 527 2534 vocabat,
562 2472 698 2536 quorum
720 2472 827 2517 mores
850 2474 870 2517 a
891 2453 955 2517 suis
976 2474 1043 2517 non
1065 2480 1077 2518 2

135 2553 355 2618 abhorrerent.
401 2553 483 2618 Cum
520 2560 609 2617 tanta
644 2556 799 2639 pecuniae
836 2557 921 2621 facta
957 2562 1043 2622 esset

135 2657 291 2741 accessio,
322 2657 401 2720 nihil
424 2656 649 2723 decetidiano
673 2658 762 2722 cultu
782 2660 933 2743 mutavit,
964 2661 1044 2724 nihil

136 2760 177 2825 de
199 2762 284 2825 vitae
307 2759 555 2825 consuetudine:
586 2767 738 2845 tantaque
760 2782 836 2826 usus
859 2769 907 2826 est
929 2764 1042 2828 mode-

134 2865 270 2947 ratione,
292 2870 329 2928 ut
349 2885 455 2949 neque
469 2864 504 2927 in
519 2865 667 2928 sestertio
683 2865 792 2949 vicies,
815 2865 903 2950 quod
918 2871 1042 2950 epatre

135 2972 313 3054 acceperat,
337 2989 452 3052 parum
474 2988 509 3031 se
533 2967 700 3052 splendide
724 2969 861 3051 gesserit
882 2989 988 3052 neque
1009 2969 1043 3033 in

135 3072 283 3139 sestertio
313 3072 435 3137 centies
464 3071 654 3135 adfluentius
683 3071 800 3135 vixerit
831 3092 925 3156 quam
953 3072 1042 3135 insti-

134 3181 241 3241 tuerat
262 3177 394 3261 parique
409 3175 536 3259 fastigio
552 3175 677 3239 steterit
697 3176 732 3239 in
754 3180 889 3259 utraque
904 3175 1041 3240 fortuna.

135 3279 250 3344 Nullos
281 3280 392 3343 habuit
421 3279 549 3361 hortos,
584 3278 706 3341 nullam
737 3278 951 3343 suburbanam
989 3285 1076 3352 ants

136 3382 328 3446 maritimam
358 3386 576 3465 sumptuosam
607 3381 717 3446 villam
747 3403 852 3466 neque
885 3383 919 3446 in
949 3383 1043 3446 Italia

175 3487 295 3531 cornelium
308 3491 390 3541 Nepos.
416 3493 458 3532 Ed.
471 3493 490 3533 8.
848 3503 863 3551 9
