2400 3848
165 277 202 332 50
535 277 560 315 x.
581 276 659 315 niori.
680 278 699 315 a

165 426 296 504 propter
310 421 590 505 necessitudinem,
607 424 709 506 magis
722 424 818 486 etiam
834 445 965 487 suorum
977 444 1077 488 causa

165 524 321 587 studebat.
367 524 491 588 Aderat
521 526 554 588 in
576 527 699 608 magnis
722 526 816 590 rebus
840 527 970 611 eiusque
995 547 1075 590 con-

165 628 234 690 silio
259 629 395 691 multum
416 629 605 692 movebatur
627 635 789 714 tyrannus,
813 630 874 693 nisi
897 645 959 715 qua
981 630 1015 693 in
1037 652 1076 695 re

129 753 142 794 4
165 732 266 793 maior
297 732 395 814 ipsius
419 731 575 815 cupiditas
597 731 830 795 intercesserat.
876 731 1076 814 Legationes

163 855 240 898 vero
259 856 380 917 omnes,
405 856 486 919 quae
511 841 617 898 essent
635 836 834 918 illustriores,
857 856 916 919 per
930 835 1076 899 Dionem

164 937 481 1003 administrabantur:
505 960 582 1023 quas
599 938 729 1022 quidem
749 940 802 1003 ille
820 938 990 1021 diligenter
1014 937 1074 1001 ob·

165 1040 280 1122 eundo,
304 1040 442 1104 fideliter
465 1025 716 1104 administrando
736 1042 990 1105 crudelissimum
1012 1061 1075 1105 no-

129 1163 239 1205 smen
267 1145 393 1227 tyranni
425 1166 481 1209 sua
512 1144 708 1208 humanitate
750 1144 889 1229 tegebat.
934 1144 1030 1208 Hunc
1054 1166 1076 1208 a

163 1249 320 1334 Dionysio
338 1251 468 1313 missum
486 1250 764 1332 Carthaginienses
782 1251 825 1312 sic
847 1255 1074 1333 suspexerunt,

163 1357 199 1415 ut
227 1353 389 1415 neminem
419 1375 571 1436 umquam
595 1352 719 1416 Graeca
747 1354 855 1436 lingua
884 1354 1074 1438 loquentem

164 1457 266 1538 magis
290 1457 352 1518 sint
374 1455 532 1519 admirati.

130 1586 142 1626 1
229 1557 273 1621 II.
305 1559 419 1642 Neque
450 1581 527 1622 vero
561 1560 640 1623 haec
668 1561 861 1646 Dionysium
889 1560 1072 1644 fugiebant:

164 1681 239 1723 nam
262 1666 379 1744 quanto
398 1667 481 1725 esset
497 1661 556 1724 sibi
572 1669 771 1746 ornamento,
793 1663 959 1727 sentiebat.
998 1662 1073 1736 Quo

165 1764 269 1845 fiebat,
292 1769 327 1826 ut
350 1766 405 1827 uni
427 1765 500 1828 huic
516 1767 655 1829 maxime
670 1766 853 1849 indulgeret
868 1786 972 1850 neque
996 1787 1074 1829 eum

129 1888 256 1933 aseous
280 1866 428 1950 diligeret
451 1889 487 1931 ac
509 1867 624 1932 filium:
655 1869 870 1954 quiquidem,
901 1865 974 1932 cum
995 1868 1073 1932 Pla-

165 1976 274 2035 tonem
296 1972 470 2036 Tarentum
499 1975 623 2036 venisse
653 1973 739 2036 fama
769 1973 803 2036 in
824 1971 964 2036 Siciliam
986 1978 1075 2035 esset

164 2076 302 2158 perlata,
334 2076 532 2140 adulescenti
560 2098 679 2159 negare
710 2097 775 2139 non
803 2076 961 2159 potuerit,
995 2074 1073 2158 quin

165 2199 239 2242 eum
271 2186 466 2260 accerseret,
502 2200 574 2242 oum
607 2180 674 2243 eius
712 2177 864 2241 audiendi
896 2176 1072 2261 cupiditate

165 2283 323 2365 flagraret.
374 2283 475 2346 Dedit
509 2304 586 2366 ergo
621 2283 694 2345 huic
725 2283 854 2345 veniam
891 2301 1072 2364 magnaque

131 2405 240 2453 neum
264 2385 436 2448 ambitione
460 2385 631 2469 Syracusas
654 2382 814 2467 perduxit.
857 2383 961 2456 Quem
983 2382 1073 2446 Dion

168 2487 248 2550 adeo
281 2487 454 2551 admiratus
487 2493 535 2551 est
567 2492 661 2570 atque
694 2487 871 2569 adamavit,
907 2491 942 2549 ut
973 2506 1007 2549 se
1041 2486 1073 2548 ei

168 2596 270 2653 totum
298 2591 450 2654 traderet.
493 2590 607 2673 Neque
636 2608 714 2652 vero
745 2590 848 2652 minus
878 2589 946 2671 ipse
974 2587 1071 2651 Plato

169 2692 345 2758 delectatus
384 2700 432 2758 est
461 2694 578 2757 Dione.
622 2693 735 2777 Itaque
774 2714 847 2756 cum
883 2714 902 2754 a
933 2698 1070 2777 tyranno

169 2797 340 2861 crudeliter
361 2799 497 2860 violatus
519 2802 612 2878 esset,
658 2797 754 2879 uippe
771 2797 825 2880 qui
847 2816 921 2858 eum
936 2815 1070 2858 venum-

169 2901 237 2964 dari
252 2902 402 2983 iussisset,
427 2907 534 2964 tamen
552 2899 666 2963 eodem
684 2899 780 2962 rediit
796 2898 940 2962 eiusdem
954 2896 1071 2959 Dionis

133 3004 313 3087 «precibus
345 3003 509 3066 adductus.
553 3001 686 3087 Interim
716 3003 749 3064 in
780 3002 928 3065 morbum
958 2998 1071 3063 incidit

167 3109 350 3193 Dionysius.
397 3106 467 3179 Quo
492 3127 564 3169 cum
586 3107 676 3189 gravi
699 3108 941 3187 conflictaretur,
972 3124 1069 3188 quae-

169 3212 241 3274 sivit
256 3232 274 3273 a
289 3210 421 3273 medicis
436 3210 532 3291 Dion,
556 3231 650 3294 quem
666 3208 855 3272 admodum
878 3231 910 3272 se
926 3207 1070 3289 haberet,

168 3316 323 3399 simulque
354 3314 392 3376 ab
421 3315 459 3376 iis
487 3314 593 3397 petiit,
626 3314 651 3376 si
672 3313 755 3377 forte
785 3314 819 3376 in
841 3313 960 3376 maiore
984 3315 1072 3372 esset

168 3418 320 3501 periculo,
343 3422 379 3479 ut
394 3417 452 3479 sibi
468 3416 657 3480 faterentur:
681 3437 755 3478 nam
770 3417 852 3480 velle
876 3435 910 3476 se
935 3433 1008 3475 cum
1028 3432 1069 3475 eo
