2400 3848
199 251 236 309 40
513 247 563 287 vn
583 248 812 288 memnonem.

200 396 335 460 sciebat:
366 394 400 458 id
432 394 458 458 si
487 395 678 479 aperuisset,
709 417 858 479 magnam
886 419 921 463 se
949 399 1102 462 initurum

199 499 334 582 gratiam
355 497 494 563 videbat.

166 620 177 659 1
262 601 305 666 X.
334 601 408 666 Hoc
431 623 503 665 cum
518 602 685 665 moliretur
706 608 893 687 peteretque
917 625 936 667 a
957 604 1102 669 Pharna-

199 704 294 786 bazo,
322 709 358 767 ut
385 703 427 767 ad
455 725 566 788 regem
588 705 782 787 mitteretur,
815 706 931 771 eodem
953 712 1102 793 tempore
1158 752 1161 757 -

201 807 314 872 Critias
351 807 512 891 ceterique
533 809 676 892 ,tyranni
711 808 955 873 Atheniensium
994 818 1103 876 certos

199 911 344 974 homines
373 909 415 974 ad
436 909 636 995 Lysandrum
664 911 698 973 in
719 910 831 975 Asiam
853 913 1017 996 miserant,
1046 915 1104 997 qui

200 1035 274 1079 eum
303 1014 472 1078 certiorem
500 1014 657 1092 facerent,
684 1013 745 1077 nisi
766 1013 968 1079 Alcibiadem
996 1021 1101 1079 sustu-

199 1116 297 1198 lisset,
328 1116 407 1179 nihil
431 1137 539 1181 earum
560 1136 667 1180 rerum
689 1116 757 1179 fore
779 1122 897 1200 ratum,
928 1138 1004 1202 quas
1031 1119 1102 1202 ipse
1147 1136 1152 1144 ·

199 1219 335 1283 Athenis
359 1220 590 1285 constituisset:
620 1242 734 1305 quare,
764 1221 791 1284 si
821 1243 891 1284 suas
919 1243 971 1286 res
993 1226 1104 1304 gestas

165 1322 475 1405 emanere‘vellet,
507 1322 596 1386 illum
626 1329 880 1408 persequeretur.
924 1323 985 1387 His
1012 1322 1101 1386 Laco

191 1424 294 1488 rebus
318 1431 495 1488 commotus
517 1425 627 1488 statuit
654 1426 830 1490 accuratius
858 1426 918 1490 sibi
940 1423 1103 1509 agendum

200 1548 272 1591 cum
286 1528 503 1592 Pharnabazo.
540 1528 626 1592 Huic
642 1550 718 1613 ergo
741 1530 910 1612 renuntiat,
934 1549 1015 1613 quae
1029 1529 1104 1612 regi

199 1653 272 1696 cum
286 1631 549 1696 Lacedaemoniis
566 1639 681 1715 essent,
704 1633 765 1696 nisi
777 1631 978 1697 Alcibiadem
992 1632 1104 1696 vivum

163 1740 254 1803 saut
289 1741 450 1798 mortuum
481 1735 541 1800 sibi
571 1735 763 1800 tradidisset.
807 1736 882 1815 Non
912 1735 985 1798 tulit
1015 1735 1103 1828 hunc

97 1844 105 1895 ἰ
199 1841 342 1922 satrltpes
372 1844 405 1902 et
426 1839 547 1902 violare
570 1839 771 1902 clementiam
788 1859 888 1922 quam
913 1838 999 1920 regis
1023 1857 1104 1922 opes

199 1941 299 2004 minui
325 1941 446 2005 maluit.
491 1941 604 2026 Itaque
633 1943 719 2005 misit
743 1941 960 2006 Susamithren
983 1946 1015 2003 et
1036 1940 1102 2003 Ba·

199 2064 315 2126 gaeum
344 2043 385 2107 ad
412 2043 614 2107 Alcibiadem
645 2043 914 2125 interficiendum,
946 2063 1019 2106 cum
1046 2043 1103 2107 ille

201 2153 286 2210 esset
313 2147 347 2211 in
368 2147 510 2231 Phrygia
539 2147 661 2230 iterque
690 2147 731 2210 ad
759 2167 870 2230 regem
893 2151 1103 2230 compararet.

165 2281 178 2317 r
200 2251 290 2314 Missi
312 2251 394 2315 clam
414 2250 578 2332 vicinitati,
600 2251 633 2312 in
655 2255 804 2333 quatum
818 2247 1002 2312 Alcibiades
1023 2254 1105 2331 erat,

202 2354 279 2417 dant
293 2354 466 2437 negotium,
489 2360 525 2418 ut
541 2376 614 2419 eum
628 2353 827 2417 interficiant.
861 2351 914 2415 Illi
929 2372 1001 2415 cum
1015 2350 1104 2414 ferro

200 2456 335 2540 aggredi
345 2477 411 2519 non
421 2457 585 2540 auderent,
600 2461 697 2520 noctu
708 2456 796 2538 ligna
807 2455 1009 2518 contulerunt
1020 2455 1106 2518 circa

200 2581 320 2642 casam,
348 2559 383 2622 in
404 2581 467 2645 qua
487 2559 679 2644 quiescebat,
704 2579 836 2643 eamque
859 2555 1103 2639 succenderunt,

199 2668 235 2726 ut
249 2662 396 2726 incendio
414 2662 616 2745 conficerent,
633 2683 727 2747 quem
741 2682 838 2726 manu
852 2661 995 2745 superari
1006 2680 1103 2744 posse

166 2764 396 2834 cdiffidebant.
441 2764 502 2829 Ille
526 2770 652 2847 autem,
683 2770 719 2829 ut
749 2765 855 2828 souitu
876 2765 1022 2829 flammae
1053 2771 1103 2828 est
1183 2844 1190 2854 .

201 2868 366 2949 excitatus,
391 2868 450 2932 etsi
464 2867 588 2951 gladius
604 2869 636 2933 ci
651 2873 720 2932 erat
734 2867 916 2950 subductus,
938 2866 1103 2931 familiaris

200 2973 249 3035 sui
270 2971 414 3034 subalare
430 2971 530 3035 telum
547 2971 670 3055 eripuit.
707 2970 853 3055 Namque
877 2976 945 3035 erat
967 2991 1038 3035 cum
1060 2991 1101 3033 eo

200 3073 329 3158 quidam
352 3095 395 3138 ex
415 3071 555 3136 Arcadia
576 3073 703 3158 hospes,
729 3075 782 3159 qui
802 3095 975 3159 numquam
999 3071 1101 3136 disce-

202 3177 278 3241 dere
298 3177 453 3241 voluerat.
497 3175 593 3239 Hunc
613 3177 703 3260 sequi
725 3198 759 3240 se
782 3177 871 3240 iubet
893 3182 925 3240 et
947 3175 990 3256 id,
1013 3175 1100 3259 quod

199 3279 233 3343 in
254 3278 435 3364 praesentia
448 3278 712 3343 vestimentorum
733 3278 800 3360 fuit,
824 3279 942 3362 arripit.
984 3274 1045 3339 His
1066 3276 1102 3339 in

166 3383 307 3466 signem
331 3381 481 3446 coniectis
502 3382 648 3444 flammae
675 3382 741 3444 rim
763 3382 893 3445 transiit.
939 3380 1042 3454 Quem
1064 3385 1102 3442 ut
