2400 3848
286 225 346 266 1111.
366 223 543 297 monimus.
556 225 575 263 4.
591 243 613 252 -
627 223 685 262 x1v.
700 223 843 263 nussum.
861 223 880 263 1.
998 229 1034 285 65

127 376 232 460 patria
254 376 322 440 sine
346 374 534 439 satellitibus
557 394 591 438 se
614 377 718 436 tutum
738 392 804 437 non
818 373 1033 456 arbitraretur,

127 476 274 542 Athenas
297 477 364 541 sine
388 477 453 540 ullo
470 475 630 561 praesidio
652 477 739 540 venit
761 477 903 560 tantique
927 476 1033 562 hospi-

128 587 195 645 tem
224 580 315 663 fecit,
345 584 380 643 ut
402 579 512 643 mallet
541 600 575 643 se
606 579 717 664 capitis
739 579 917 664 periculum
946 579 1033 644 adire

128 704 225 767 quam
239 683 409 748 Timotheo
434 682 473 747 de
487 680 581 746 'fama
599 682 761 747 dimicanti
777 681 899 747 deesse.
938 682 1033 746 Hunc

128 785 279 850 adversus
310 792 418 851 tamen
449 786 636 850 Timotheus
666 791 781 870 postea
809 785 920 870 populi
947 781 1035 848 iussu

129 889 248 953 bellurn
260 890 375 974 gessit:
397 891 520 976 patriae
537 891 696 954 sanctiora
710 891 780 954 iura
795 910 890 973 quam
905 888 1034 973 hospitii

128 1013 198 1056 esse
223 987 324 1057 duxit.

190 1095 283 1160 Haec
313 1102 458 1161 extrema
487 1098 546 1161 fuit
569 1104 656 1162 aetas
678 1098 908 1183 imperatorum
930 1097 1067 1162 Atho-r

124 1200 301 1282 niensium,
323 1199 509 1284 Iphicratis,
534 1200 700 1284 Chabriae,
726 1201 903 1266 Timothei:
927 1222 1031 1284 neque

125 1310 200 1387 post
221 1305 350 1368 iliorum
374 1304 496 1368 obitum
525 1306 692 1390 quisquam
722 1304 788 1367 dux
816 1305 848 1368 in
877 1305 932 1366 iiia
954 1304 1032 1368 urbe

126 1407 185 1470 fuit
208 1407 324 1490 dignus
346 1409 511 1472 memoria.

190 1510 295 1575 Venio
319 1533 403 1576 nunc
426 1511 467 1575 ad
490 1512 698 1578 fortissimum
712 1513 815 1577 virum
837 1513 1031 1598 maximique
1054 1543 1067 1582 s

125 1616 249 1679 consilii
266 1617 409 1680 omnium
427 1616 636 1681 barbarorum
652 1616 795 1701 exceptis
812 1614 936 1680 duobus
954 1616 1031 1681 Car·

126 1712 390 1795 thaginiensibus,
413 1713 597 1776 Hamilcbre
622 1719 653 1777 et
668 1712 861 1776 Hannibble.
893 1713 945 1776 De
968 1713 1064 1776 hoco

126 1815 219 1898 plura
246 1814 437 1897 referemus,
468 1814 556 1898 quod
587 1820 619 1879 et
643 1815 828 1879 obscuriora
857 1821 931 1878 sunt
961 1815 1029 1879 eius

124 1921 217 1999 gesta
231 1917 383 2001 pleraque
408 1921 440 1980 et
462 1937 510 1998 ea,
533 1937 614 2000 quae
633 1937 786 2000 prospere
810 1915 841 1979 ei
857 1921 1030 1997 cesserunt,

125 2038 191 2080 non
213 2019 432 2103 magnitudine
449 2020 623 2104 copiarum,
646 2019 705 2083 sed
728 2019 860 2101 consilii,
884 2039 946 2103 quo
963 2024 1030 2081 tum

126 2141 237 2184 omnes
260 2122 439 2206 superabat,
463 2122 662 2186 acciderunt:
694 2142 831 2206 quorum
859 2122 920 2185 nisi
948 2122 1028 2184 ratio

123 2225 284 2309 explicata
305 2226 410 2309 fuerit,
433 2246 485 2289 res
508 2246 663 2311 apparere
687 2246 752 2289 non
773 2229 933 2309 poterunt.

423 2462 426 2468 ·
528 2450 620 2517 XIV.

451 2589 699 2666 DATAMES.

186 2741 214 2807 I.
243 2741 415 2824 Dattmes,
444 2747 534 2826 patre
566 2740 746 2825 Camishrs,
774 2744 905 2809 natione
936 2741 1027 2825 Care,
1050 2777 1063 2818 2

121 2850 225 2908 matre
248 2845 411 2928 Scythissa
437 2850 546 2928 natus,
575 2847 714 2931 primum
743 2847 880 2911 militum
909 2847 941 2909 in
969 2867 1027 2909 nu-

123 2968 212 3011 mero
242 2946 301 3010 fuit
324 2947 410 3032 apud
431 2946 638 3013 Artaxerxen
661 2970 789 3032 eorum,
822 2950 876 3034 qui
905 2949 1028 3031 regiam

121 3050 301 3114 tuebantur.
345 3050 443 3113 Pater
466 3050 533 3114 eius
557 3050 745 3134 Camisares,
769 3051 856 3137 quod
879 3056 911 3116 et
932 3072 1028 3114 manu

122 3155 212 3218 fortis
236 3157 268 3218 et
290 3152 375 3216 bello
392 3157 539 3217 strenuus
563 3159 595 3217 et
617 3155 687 3238 regi
701 3155 808 3218 multis
830 3155 909 3219 locis
924 3154 1027 3219 fidelis

122 3262 190 3321 erat
212 3260 368 3341 repertus,
394 3254 506 3318 habuit
526 3257 725 3340 provinciam
746 3263 872 3342 partem
895 3257 1025 3324 Ciliciae

121 3361 211 3424 iuxta
246 3357 498 3445 Cappadociam,
536 3380 631 3443 quam
667 3360 810 3423 incolunt
839 3360 1025 3444 Leucosyri.
