2400 3848
291 241 294 244 ⁴
412 226 479 268 xxv.
498 227 626 268 srrrous.
648 228 679 267 1a
941 225 996 281 143

94 379 149 446 diu
171 379 371 464 meminerat,
392 383 499 467 quoad
521 384 576 449 ille
599 391 709 470 gratus
728 391 806 469 erat,
830 387 884 471 qui
906 406 996 450 aoce-

92 489 192 569 perat.
221 483 336 568 Itaque
357 485 411 550 hio
432 484 517 569 fecit,
539 494 576 551 ut
596 510 673 555 rere
691 488 811 554 dictum
833 489 995 554 videatur:
1018 513 1031 552 s

191 623 343 706 ‚Fingunt
365 624 478 709 cuique
501 648 608 706 mores
629 626 790 692 fortunam
813 623 882 692 ειιί.ι

92 773 208 858 Neque
229 778 336 837 tamon
364 773 419 837 illc
448 774 535 857 prius
557 774 717 837 fortrmam
747 795 841 859 quam
873 797 907 841 se
929 778 997 860 ipse

92 878 201 959 finxit,
230 877 285 961 qui
308 877 406 959 cavit,
435 897 476 941 ne
500 897 562 960 qua
589 877 679 941 inre
701 878 771 942 iure
793 880 997 963 plecteretur.

157 979 235 1044 XII.
265 979 325 1043 His
346 980 444 1063 igitur
459 981 554 1044 rebus
570 982 686 1064 effecit,
709 987 745 1046 ut
766 983 810 1047 M.
826 982 998 1069 Vipsanius
1021 1013 1032 1054 1

93 1084 255 1169 Agrippa,
282 1084 394 1148 intima
424 1084 637 1149 familiaritate
670 1086 856 1150 coniunctus
889 1088 998 1152 adule-

94 1189 195 1253 scenti
227 1185 372 1270 Caesari,
406 1208 478 1251 eum
508 1193 641 1273 propter
675 1211 765 1253 suam
799 1192 933 1274 gratiam
968 1199 1000 1256 et

95 1291 241 1358 Caesaris
268 1291 448 1375 potentiam
474 1292 592 1354 nullius
624 1291 820 1356 condicionis
848 1314 914 1357 non
942 1296 998 1358 ha-

92 1394 187 1458 beret
207 1398 417 1478 potestatem,
446 1394 647 1478 potissimum
671 1395 739 1458 eius
763 1395 921 1478 deligeret
942 1398 998 1461 ad-

92 1498 248 1562 finitatem
278 1503 547 1583 praeoptaretque
585 1499 698 1582 equitis
731 1497 871 1562 Romani
902 1501 1000 1565 filiam

92 1623 322 1687 generosarum
353 1603 480 1687 nuptiis.
524 1602 632 1687 Atque
670 1603 783 1665 harum
817 1604 1034 1687 nuptiarum,

93 1707 279 1772 conciliator
300 1706 360 1770 fuit
382 1704 462 1785 (non
485 1711 533 1770 est
556 1707 640 1770 enim
657 1705 839 1788 celandum)
862 1707 906 1771 M.
929 1707 997 1772 An-

92 1811 214 1893 tonius,
251 1809 452 1873 triumvirum
487 1810 535 1873 rei
565 1809 713 1894 publicae
746 1810 996 1876 constituendae.

94 1912 192 1979 Cuius
206 1913 309 1998 gratia
331 1933 403 1976 cum
419 1933 537 1995 augere
552 1913 770 1996 possessiones
784 1919 895 1997 posset
915 1935 997 1996 suas,

91 2023 216 2083 tantum
245 2017 324 2080 afuit
351 2016 567 2101 acupiditate
595 2017 768 2100 pecuniae,
797 2023 833 2079 ut
854 2017 943 2080 nulla
964 2019 998 2080 in

89 2142 127 2186 re
148 2141 224 2185 usus
247 2120 288 2182 sit
310 2119 431 2184 canisi
451 2119 484 2181 in
507 2119 719 2203 deprecandis
746 2119 920 2183 amicorum
943 2127 998 2185 aut

92 2220 244 2304 periculis
278 2228 332 2285 aut
363 2221 586 2287 incommodis.
641 2222 736 2297 Quod
773 2223 902 2307 quidem
937 2229 1029 2292 suba

92 2324 163 2409 ipsa
194 2326 428 2410 proscriptione
465 2327 646 2410 perillustre
683 2326 751 2390 fuit.
804 2326 889 2392 Nam
923 2351 994 2393 cum

92 2425 130 2491 L.
146 2426 264 2510 Saufei,
288 2428 404 2512 equitis
419 2427 568 2511 Romani,
591 2429 734 2513 aequalis
756 2430 815 2512 sui,
838 2431 893 2514 qui
909 2452 994 2496 com-

92 2528 202 2613 plures
230 2551 330 2594 annos
352 2531 458 2595 studio
491 2530 603 2595 ductus
634 2531 856 2617 philosophiae
885 2535 996 2600 aberat

91 2638 293 2723 habebatque
309 2638 343 2701 in
357 2637 452 2700 Italia
465 2638 621 2722 pretiosas
635 2639 866 2723 possessiones,
885 2640 996 2703 trium-

91 2743 153 2806 viri
172 2741 259 2805 bona
279 2740 501 2806 vendidissent
520 2743 750 2809 consuetudins
773 2764 822 2825 ea,
845 2764 908 2827 qua
930 2750 998 2807 tum

90 2866 144 2910 res
180 2844 392 2929 gerebantur,
429 2843 530 2909 Attici
566 2846 676 2910 labore
714 2852 809 2930 atque
842 2845 998 2910 industria

90 2949 211 3013 factum
235 2954 292 3029 ast,
315 2953 351 3011 ut
373 2947 489 3013 eodem
511 2950 621 3012 nuntio
646 2949 791 3012 Saufeius
814 2948 905 3012 fieret
928 2969 995 3012 cer-

89 3053 154 3117 tior
169 3073 204 3116 se
219 3050 447 3135 patrimonium
462 3052 604 3115 amisisse
621 3057 655 3115 et
665 3072 881 3134 recuperasse.
902 3051 997 3115 Idem
1018 3089 1030 3125 4

89 3154 127 3220 L.
143 3155 261 3218 Iulium
278 3153 435 3234 Calidum,
460 3174 555 3237 quem
570 3160 644 3237 post
657 3154 798 3218 Lucretii
815 3153 994 3238 Catullique

89 3265 229 3323 mortem
260 3257 360 3319 multo
393 3256 665 3339 elegantissimum
696 3263 825 3341 potitam
854 3263 996 3321 nostram

89 3364 199 3426 tulisse
234 3364 372 3424 aetatem
407 3380 483 3422 vere
516 3359 629 3424 videor
659 3381 754 3444 posse
789 3359 995 3443 contendere,
