2400 3848
431 232 460 270 IL
479 231 703 271 unnmsnoonss.
723 232 741 270 s.
849 242 851 251 ¹
1003 228 1038 283 Π

131 407 205 451 eum
230 385 347 450 deduci
376 387 466 449 iussit
490 391 532 468 et,
557 387 643 472 quod
666 387 742 450 satis
766 392 851 450 esset
877 387 1037 470 praesidii,

132 485 231 551 dedit.
260 487 325 550 Hie
346 487 379 550 in
394 508 510 551 navem
527 489 674 553 omnihus
697 490 826 573 ignotus
841 491 945 554 nautis
965 512 1039 555 oon-

132 590 265 653 scendit.
289 588 379 663 Quae
392 610 463 654 oum
476 596 668 675 tempestate
680 593 821 654 maxima
830 592 861 655 N
863 613 959 655 axum
971 594 1034 657 ier-

132 698 230 772 retur,
245 691 300 756 uhi
315 697 382 755 tum
398 692 645 759 Atheniensium
661 700 729 758 erat
746 695 916 777 exercitus,
939 697 1037 767 sensit

132 793 375 876 Themistocles,
398 796 425 859 si
441 817 479 860 eo
496 798 704 881 pervenisset,
729 797 788 860 sibi
805 817 876 862 esse
900 819 1037 882 pereun-

133 897 219 962 dum.
247 898 320 962 Hac
334 899 528 965 necessitate
544 906 673 965 coactus
690 901 820 965 domino
843 903 945 984 navis,
970 903 1039 986 quis

133 999 183 1081 sit,
206 1000 308 1084 aperit
323 1001 425 1065 multa
446 1002 613 1086 pollicens,
637 1003 664 1066 si
679 1024 713 1068 se
730 1011 961 1069 conservasset.
994 1004 1039 1067 At
1061 1029 1073 1065 r

131 1106 185 1170 ille
209 1102 373 1168 clarissimi
394 1102 452 1166 viri
476 1106 586 1185 captus
609 1099 828 1164 misericordia
851 1100 937 1164 diem
959 1120 1035 1164 noc-

132 1214 260 1292 temque
290 1204 403 1289 procul
431 1203 471 1267 ab
500 1202 604 1266 insula
632 1203 665 1266 in
694 1203 761 1266 salo
790 1224 907 1267 navem
935 1207 1037 1268 tenuit

131 1312 164 1374 in
186 1309 310 1374 ancoris
338 1328 443 1392 neque
466 1327 659 1392 quemquam
688 1328 730 1371 ex
753 1327 792 1371 ea
813 1308 903 1372 exire
925 1328 1037 1392 passus

131 1419 190 1478 cst.
225 1411 306 1475 Inde
322 1410 486 1495 Ephesum
506 1410 654 1494 pervenit
675 1409 783 1494 ibique
798 1410 1037 1476 Themistoclen

132 1516 282 1601 exponit:
319 1515 370 1578 cui
406 1515 460 1578 ille
498 1535 556 1598 pro
594 1515 716 1579 meritis
754 1520 867 1598 postea
900 1515 1036 1598 gratiam

131 1620 262 1684 rettulit.

195 1723 255 1786 IX.
285 1721 357 1786 Scio
380 1722 550 1807 plerosque
580 1721 624 1784 ita
647 1721 825 1805 scripsisse,
855 1722 1069 1786 Themisto-1

131 1830 202 1892 olen
232 1827 344 1892 Xerxe
376 1831 530 1908 regnante
562 1826 595 1888 in
624 1824 736 1888 Asiam
765 1825 925 1889 transisse.
971 1825 1036 1890 Sed

131 1951 193 2014 ego
214 1931 415 2014 potissimum
429 1927 610 2012 Thucydidi
633 1927 741 2010 credo,
764 1927 851 2011 quod
874 1934 907 1992 et
929 1935 1034 1995 aetate

130 2036 296 2119 proximus
319 2031 359 2097 de
382 2031 430 2112 iis,
453 2031 507 2114 qui
529 2030 657 2094 illorum
673 2034 854 2113 temporum
870 2031 1035 2096 historiam

129 2139 342 2223 reliquerunt,
373 2141 405 2199 et
421 2134 572 2214 ¹eiusdem
596 2133 731 2197 civitatis
753 2133 823 2197 fuit.
867 2133 900 2197 Is
929 2139 1036 2199 autem

130 2243 173 2306 ait
196 2241 238 2305 ad
259 2240 465 2304 Artaxerxen
495 2259 568 2303 eum
591 2239 716 2302 venisse
740 2244 834 2322 atque
858 2238 907 2302 his
930 2239 1035 2304 verbis

128 2347 298 2432 epistulam
320 2345 460 2408 misisse:
491 2343 734 2426 ,Themistocles
756 2343 831 2407 veni
853 2342 895 2405 ad
917 2349 960 2425 te,
981 2345 1035 2428 qui
1057 2374 1069 2412 2

127 2450 264 2534 plurima
277 2449 362 2513 mala
376 2447 542 2511 hominum
559 2447 730 2511 Graiorum
751 2446 784 2510 in
800 2446 931 2510 domum
946 2453 1034 2511 tuam

127 2553 228 2634 intuli,
252 2573 347 2637 quam
371 2552 425 2614 diu
447 2550 526 2614 mihi
548 2572 679 2615 necesse
702 2550 762 2614 fuit
784 2549 954 2614 adversum
976 2571 1032 2634 pa·

128 2661 209 2719 trem
238 2661 328 2718 tuum
351 2654 471 2718 bellare
495 2655 694 2739 patriamque
717 2675 823 2719 meam
847 2653 1032 2719 defendere.

127 2755 219 2819 Idem
241 2759 342 2820 multo
366 2757 459 2840 plura
480 2756 566 2820 hona
594 2757 671 2839 feci,
700 2762 870 2842 postquam
901 2758 934 2820 in
962 2762 1067 2824 tutos

128 2858 195 2942 ipse
226 2864 258 2922 ct
286 2861 340 2923 ille
370 2860 403 2923 in
425 2860 568 2943 periculo
593 2880 663 2924 esse
688 2862 803 2944 coepit.
847 2860 931 2926 Nam
961 2880 1033 2924 cum

127 2960 161 3023 in
187 2959 298 3024 Asiam
324 2963 443 3026 reverti
471 2963 571 3028 vellet
600 2964 725 3048 proelio
758 2965 843 3049 apud
872 2964 1033 3029 Salamina

127 3063 222 3145 facto,
245 3065 358 3129 litteris
375 3087 448 3130 oum
464 3068 635 3131 certiorem
658 3069 720 3133 feci
742 3068 776 3131 id
799 3069 861 3152 agi,
884 3074 920 3130 ut
941 3089 1031 3152 pons,

127 3155 222 3252 quem
244 3168 278 3231 in
293 3167 506 3254 Hellesponto
530 3171 661 3254 fecerat,
686 3172 914 3238 dissolveretur
936 3178 1031 3257 atque

126 3269 170 3341 ab,
196 3269 341 3335 hostibus
370 3272 603 3339 circumiretur:
635 3297 697 3360 quo
726 3277 838 3340 nuntio
871 3277 924 3340 illo
947 3277 1031 3361 peri·

126 3373 198 3437 culo
226 3380 274 3438 est
303 3374 464 3438 liberatus.
509 3376 603 3442 Nunc
632 3384 739 3441 autem
769 3379 900 3477 confugi
929 3378 970 3442 ad
998 3384 1066 3449 tos
