2400 3848
189 165 226 222 42
274 174 276 181 ’
472 169 533 209 VIII.
553 171 768 213 THRASYBULUS.
789 174 807 213 1.

154 333 166 371 a
190 334 264 376 eum
285 315 318 378 in
339 315 389 380 his
411 318 549 382 maximo
566 318 808 384 admirarentur.
853 320 975 394 Quibus
997 321 1095 386 rebus

191 417 350 501 effecisse,
379 427 430 502 ut,
458 421 544 505 apud
574 443 790 507 quoscumque
815 429 915 506 esset,
946 424 1096 509 princeps

188 528 363 604 poneretur
377 525 612 609 habereturque
632 526 820 591 carissimus,
866 526 932 591 Sed
955 527 1030 590 satis
1053 528 1096 592 de

188 622 265 688 hoc:
288 626 429 711 reliquos
453 627 623 694 ordiamur.

593 853 688 919 VIII.

454 994 826 1069 THRASYBULUS.

110 1201 112 1208 .
154 1163 166 1203 1
255 1145 282 1210 Ι.
313 1146 613 1229 Thrasybulus,
650 1147 757 1232 Lyei
793 1148 928 1229 filius,
964 1145 1095 1210 Athe-

189 1248 356 1314 niensis.
402 1249 434 1314 si
457 1271 515 1333 per
544 1272 579 1315 se
601 1250 701 1314 virtus
732 1251 799 1315 sine
822 1251 949 1315 fortuna
970 1250 1096 1334 ponde·

188 1351 289 1415 randa
302 1357 360 1434 est,
377 1350 486 1416 dubito
514 1374 555 1416 an
566 1353 650 1416 huno
661 1354 797 1437 primum
812 1355 953 1416 omnium
964 1374 1096 1437 ponam.

189 1454 276 1518 Illud
304 1457 371 1520 sine
403 1456 515 1521 dubio:
548 1458 710 1520 neminem
736 1457 811 1520 huie
842 1458 988 1541 praefero
1020 1457 1096 1538 fide,

191 1560 377 1641 constantia,
400 1560 617 1643 magnitudine
634 1561 739 1639 animi,
762 1560 795 1622 in
816 1561 953 1643 patriam
973 1578 1095 1623 amore.

154 1688 166 1726 2
188 1663 336 1747 Namque
364 1663 457 1726 multi
486 1664 657 1728 voluerunt
679 1664 834 1748 paucique
857 1668 1032 1748 potuerunt
1054 1662 1096 1725 ab

189 1788 251 1831 nno
276 1773 410 1852 tyranno
433 1770 569 1852 patriam
592 1770 744 1833 liberare:
776 1768 849 1832 huie
881 1768 1029 1850 contigit,
1059 1772 1098 1829 ut

190 1893 209 1934 a
244 1872 375 1954 triginta
411 1891 597 1956 oppressam
636 1871 777 1954 tyrannis
816 1892 834 1935 e
871 1871 1023 1934 servitute
1061 1870 1097 1932 in

152 1975 371 2039 alibertatem
405 1975 593 2039 vindicaret.
639 1974 702 2039 Sed
736 1974 844 2038 neseio
885 1994 946 2055 quo
983 1971 1096 2052 modo,

189 2099 261 2141 oum
293 2099 367 2141 eum
397 2099 493 2141 nemo
526 2077 663 2141 anteiret
699 2079 747 2140 his
781 2077 966 2158 virtutibus,
1002 2075 1095 2138 multi

188 2181 355 2244 nobilitate
370 2186 665 2260 praecucurrerunt.
696 2181 841 2244 Primum
855 2178 1095 2262 Peloponnesio

189 2283 274 2347 bello
303 2284 404 2346 multa
432 2284 483 2346 hio
513 2285 580 2346 sine
602 2282 771 2346 Alcibiade
793 2282 908 2365 gessit,
938 2283 991 2344 ille
1022 2281 1096 2345 nul-

188 2385 254 2448 lam
282 2406 351 2449 rem
381 2386 448 2448 sine
478 2386 556 2448 hoe:
589 2406 670 2464 quae
700 2387 754 2449 ille
781 2385 931 2449 univorsa
959 2386 1096 2449 naturali

154 2514 167 2552 ι
191 2485 331 2571 quodam
352 2487 438 2550 bono
461 2487 537 2550 feeit
559 2488 649 2552 lueri.
693 2488 758 2552 Sed
780 2489 835 2551 illa
857 2493 965 2552 tamen
988 2491 1096 2552 omnia

191 2591 372 2654 eommunia
385 2590 630 2674 imperatoribus
648 2612 720 2654 eum
735 2592 887 2655 militibus
909 2598 942 2656 et
957 2592 1096 2677 fortuna,

190 2692 277 2778 quod
313 2693 347 2755 in
380 2693 494 2776 proelii
528 2714 684 2758 eonoursu
721 2695 786 2758 abit
823 2716 874 2758 res
910 2716 928 2757 a
961 2696 1095 2759 oonsilio

190 2796 232 2860 ad
261 2796 346 2860 vires
374 2795 588 2876 virtutemque
616 2799 836 2878 pugnantium.
880 2797 994 2882 ltaque
1024 2800 1096 2865 iure

114 2949 115 2952 .
190 2918 247 2962 suo
269 2900 482 2962 nonnullaab
504 2901 698 2983 imperatore
720 2901 829 2983 miles,
857 2903 994 2982 plurima
1015 2925 1096 2968 vero

189 3001 317 3063 fortuna
348 3001 488 3065 vindieat
524 3023 622 3086 seque
656 3003 705 3066 his
740 3005 812 3083 plus
847 3005 984 3070 valuisse
1018 3029 1096 3074 vere

155 3108 297 3187 apotest
330 3104 527 3186 praedicare.
580 3105 685 3178 Quare
714 3105 794 3168 illud
820 3108 1095 3189 magnificentissi-

190 3228 277 3270 mum
321 3208 439 3271 faotum
475 3210 640 3292 proprium
679 3215 727 3273 est
762 3208 961 3292 Thrasybuli.
1010 3211 1095 3275 Nam

192 3330 264 3373 eum
291 3311 421 3393 triginta
448 3313 574 3391 tyranni
596 3313 769 3396 praepositi
792 3334 811 3375 a
832 3312 1097 3380 Lacedaemoniis
