2400 3848
167 224 201 281 16
458 221 488 260 11.
507 220 732 262 rnafflsrocaas.
751 223 770 262 8.

165 379 198 436 et
220 372 336 436 iniuste
359 371 474 454 facere,
497 373 551 458 qui
572 371 607 435 id
621 373 727 456 potius
747 373 957 455 intuerentur,
980 370 1067 456 quod

165 477 307 560 ipsorum
331 475 541 539 dominationi
563 497 658 560 quam
674 475 761 560 quod
782 476 949 541 universae
967 473 1067 540 Grae-

166 580 233 645 ciae
255 579 334 643 utile
356 583 450 643 esset.
497 577 612 661 Quare,
635 578 662 641 si
684 599 758 642 snos
780 579 905 661 legatos
924 577 1068 661 recipere

164 679 301 765 vellent,
333 667 412 766 quos
434 681 580 746 Athenas
603 684 770 765 miserant,
793 704 827 748 se
850 683 1068 747 remitterent:

165 787 257 850 aliter
278 785 351 849 illos
366 805 538 870 numquam
560 785 594 848 in
615 787 751 869 patriam
774 791 880 851 essent
897 785 1068 869 recepturi.

131 917 142 954 1
172 930 174 934 >
229 887 323 952 VIII.
354 888 476 952 Tamen
497 908 564 952 non
586 888 698 972 effugit
721 889 837 954 civium
867 909 998 954 suorum
1019 888 1068 952 in·

165 992 291 1057 uidiam.
327 991 473 1076 Namque
498 992 538 1056 ob
554 991 693 1057 eundem
709 993 868 1074 timorem,
892 1013 954 1077 quo
980 990 1067 1055 dam-

164 1102 257 1160 natus
280 1100 349 1160 erat
369 1094 540 1178 Miltiades,
563 1096 752 1160 testularum
767 1095 927 1180 suffragiis
949 1116 968 1159 e
992 1094 1067 1158 civi·

131 1225 143 1263 2
164 1205 230 1263 tate
253 1199 373 1264 eiectus
388 1197 496 1282 Argos
510 1198 689 1263 habitatum
705 1199 871 1264 concessit.
908 1198 973 1262 Hic
996 1218 1066 1261 cum

164 1309 297 1390 propter
318 1303 435 1367 multas
457 1303 592 1369 virtutes
609 1323 725 1387 magna
748 1324 820 1367 cum
843 1302 998 1386 dignitate
1021 1301 1068 1365 vi·

164 1413 271 1490 reret,
301 1405 549 1471 Lacedaemonii
577 1406 702 1490 legatos
730 1406 875 1470 Athenas
905 1406 1070 1485 miserunt,

165 1511 219 1595 qui
248 1530 321 1573 eum
349 1509 514 1573 absentem
540 1514 739 1594 accusarent,
767 1508 855 1595 quod
882 1507 1067 1572 societatem

165 1632 237 1678 curn
266 1634 342 1697 roge
365 1613 464 1677 Perse
492 1611 533 1676 ad
557 1612 723 1678 Graeciam
757 1611 999 1698 opprimendam
1020 1611 1069 1675 le·

128 1740 143 1794 a
165 1718 269 1781 cisset.
313 1716 387 1780 Hoc
410 1715 541 1780 crimine
557 1717 670 1781 absens
688 1716 879 1801 proditionis
903 1715 1069 1778 damnatus

165 1826 224 1885 est.
269 1820 309 1885 Id
338 1826 375 1884 ut
406 1819 545 1902 audivit,
579 1821 666 1905 quod
696 1841 763 1885 non
792 1820 868 1885 satis
898 1825 1003 1883 tutum
1034 1838 1070 1882 se

164 1922 261 2009 Argis
290 1922 436 2007 videbat,
469 1923 643 2008 Corcyram
674 1923 872 2008 demigravit.
917 1923 968 1987 Ibi
996 1943 1066 1986 cum

162 2027 321 2112 principes
361 2029 638 2093 animadvertisset
676 2030 808 2113 timere,
852 2052 894 2095 ne
935 2036 1071 2114 propter

162 2150 197 2194 se
238 2130 358 2195 bellum
397 2119 648 2197 Lacedaemonii
690 2137 723 2196 et
763 2132 980 2197 Athenienses
1021 2134 1069 2197 in·

165 2230 325 2312 dicerent,
355 2231 397 2295 ad
421 2215 616 2317 Admetum,
643 2235 820 2299 Molossum
842 2256 971 2320 regem,
995 2257 1067 2300 cum

130 2354 227 2419 rqno
252 2335 282 2398 ei
303 2334 477 2418 hospitium
499 2341 586 2419 erat,
610 2339 762 2422 confugit.
806 2339 880 2403 Huc
910 2360 982 2403 oum
1010 2361 1068 2405 ve·

163 2439 263 2501 nisset
292 2443 325 2501 et
346 2439 379 2501 in
401 2442 581 2522 praesentia
602 2461 662 2504 rex
685 2443 827 2524 abesset,
859 2463 922 2528 quo
945 2445 1067 2509 maiore

163 2542 319 2624 religione
348 2561 382 2605 se
406 2549 572 2627 receptum
593 2550 754 2628 tueretur,
783 2547 881 2611 filiam
904 2549 971 2611 eius
993 2569 1068 2632 par-

162 2645 270 2709 vulam
293 2646 425 2729 arripuit
448 2652 574 2711 etcum
598 2669 637 2713 ea
658 2671 693 2714 se
714 2651 749 2713 in
771 2651 952 2731 sacrarium,
980 2651 1065 2734 quod

163 2769 288 2811 summa
303 2748 467 2812 colebatur
489 2751 690 2834 caerimonia,
715 2753 859 2817 coniecit.
897 2752 978 2817 Inde
1001 2774 1064 2817 non

162 2852 250 2937 prius
280 2871 427 2935 egressus
456 2859 504 2917 est
533 2875 629 2938 quam
657 2877 717 2919 rex
747 2877 820 2920 eum
850 2855 924 2919 data
952 2856 1069 2920 dextra

129 2956 195 3019 sin
222 2954 320 3019 fidem
348 2956 522 3039 reciperet:
554 2978 649 3041 quam
670 2960 836 3042 praestitit.
880 2959 964 3023 Nam
993 2980 1064 3023 cum

163 3058 202 3124 ab
225 3059 475 3124 Atheniensibus
499 3066 531 3124 et
552 3061 816 3127 Lacedaemoniis
838 3069 1067 3146 exposceretur

163 3161 306 3245 publice,
336 3164 512 3246 supplicem
541 3185 606 3229 non
634 3165 776 3249 prodidit
798 3166 1000 3250 monuitque,
1030 3176 1067 3229 ut

165 3264 345 3328 consuleret
374 3265 449 3328 sibi:
483 3266 609 3331 difficile
633 3269 718 3331 enim
742 3288 812 3332 esse
840 3269 872 3331 in
901 3274 967 3333 tam
988 3291 1065 3354 pro·

163 3367 281 3450 pinque
311 3367 383 3430 loeo
413 3372 482 3430 tuto
515 3389 588 3433 eum
609 3370 738 3434 versari.
783 3370 895 3453 Itaque
917 3370 1063 3455 Pydnam
