2400 3848
163 246 200 302 48
515 243 552 283 m
573 242 674 283 coron.
695 243 713 281 s.

71 448 75 455 ,
163 413 230 457 non
262 393 329 457 sine
362 413 439 456 cura
470 412 540 455 rem
574 389 814 473 administrant,
851 390 938 475 quod
968 392 1072 455 maius

163 496 284 560 bellum
323 496 490 560 imminere
531 495 764 559 arbitrabantur
802 515 898 580 quam
935 496 961 559 si
996 517 1071 560 cum

163 601 298 664 barbaro
314 601 419 664 solum
435 599 676 664 contenderent.
711 598 796 663 Nam
812 598 928 663 ducem
942 599 1072 682 fortem,

163 703 357 789 prudentem
384 704 481 787 regiis
512 703 624 787 opibus
653 704 872 787 praefuturum
900 724 939 766 ac
961 723 1073 767 secum

146 806 388 870 'dimicaturum
409 806 578 888 videbant,
610 827 706 891 quem
729 827 833 891 neque
857 805 989 870 consilio
1012 826 1072 868 ne-

130 941 143 978 r
165 931 226 995 que
251 910 350 994 copiis
366 930 517 994 superare
532 914 674 993 possent.
708 909 780 972 Hac
797 914 905 972 mente
920 929 1073 991 magnam

165 1014 356 1077 contrahunt
372 1013 521 1076 classem:
544 1011 786 1096 proficiscuntur
801 1010 957 1075 Pisandro
978 1010 1072 1074 duce.

165 1117 235 1180 Hos
252 1116 365 1181 Conon
389 1115 474 1201 apud
491 1115 629 1179 Cnidum
651 1115 782 1179 adortus
804 1137 921 1199 magno
945 1115 1073 1200 proelio

164 1221 270 1303 fugat,
300 1220 416 1282 multas
444 1240 542 1282 naves
573 1220 672 1303 capit,
705 1220 886 1303 complures
911 1219 1074 1306 deprimit.

165 1318 236 1391 Qua
264 1320 396 1383 victoria
429 1339 494 1383 non
527 1320 632 1382 solum
663 1317 831 1400 Athenae,
867 1318 926 1382 sed
959 1329 1074 1386 cuncta

166 1423 317 1504 Graecia,
344 1443 424 1505 quae
448 1422 505 1484 sub
528 1421 861 1486 Lacedaemoniorum
883 1421 991 1488 fuerat
1011 1424 1073 1487 im·

130 1550 142 1589 s
164 1526 265 1609 perio,
287 1525 422 1588 liberata
444 1530 501 1588 est.
542 1523 656 1588 Oonon
675 1545 747 1586 cum
769 1529 861 1608 parte
884 1526 1017 1590 narium
1039 1527 1075 1589 in

164 1628 300 1712 patriam
319 1628 424 1708 venit,
453 1647 562 1691 muros
586 1627 709 1690 dirutos
732 1648 751 1689 e
773 1626 943 1709 Lysandro
967 1634 1075 1693 utros-

165 1749 243 1813 que,
274 1734 307 1792 et
332 1728 439 1791 Piraei
469 1733 501 1791 et
522 1727 739 1811 Athenarum,
769 1731 959 1795 reficiendos
982 1737 1074 1795 curat

163 1831 382 1915 pecuniaeque
406 1830 635 1916 quinquaginta
657 1831 792 1916 talenta,
823 1855 903 1918 quae
928 1855 947 1898 a
968 1834 1071 1898 Phar-

163 1934 282 1997 nabazo
307 1939 484 2018 acceperat,
508 1933 629 1998 civibus
651 1934 716 1998 suis
740 1935 846 2000 donat.

129 2067 141 2109 1
227 2037 268 2102 V.
297 2037 425 2102 Accidit
447 2038 536 2121 huic,
560 2037 648 2122 quod
669 2039 784 2103 ceteris
807 2040 1011 2122 mortalibus,
1034 2047 1073 2102 ut

162 2142 428 2206 inconsideratior
449 2143 482 2206 in
505 2143 645 2208 secunda
661 2164 756 2228 quam
777 2144 811 2208 in
833 2144 967 2210 adversa
985 2152 1073 2209 esset

162 2246 299 2310 fortuna.
343 2246 428 2310 Nam
461 2247 560 2312 classe
594 2247 907 2331 Peloponnesiorum
945 2246 1073 2312 devicta

163 2371 236 2414 cum
257 2351 360 2413 ultum
382 2371 417 2414 se
439 2350 569 2414 iniurias
584 2351 705 2434 patriae
721 2355 857 2436 putaret,
880 2351 972 2434 plura
992 2369 1071 2414 con·

130 2453 282 2536 roupirit
310 2475 407 2536 quam
436 2454 561 2519 efficere
590 2456 703 2538 potuit.
748 2455 863 2539 Neque
893 2460 1002 2518 tamen
1031 2476 1072 2519 ea

162 2577 228 2620 non
249 2557 302 2641 pia
325 2563 357 2621 et
378 2556 543 2642 probanda
561 2558 698 2641 filerunt,
723 2558 808 2643 quod
823 2559 930 2643 potius
946 2559 1069 2643 patriae

164 2681 242 2744 opes
257 2663 368 2744 augeri
383 2682 478 2745 quam
492 2662 579 2745 regis
591 2663 712 2727 maluit.
736 2661 820 2726 Nam
833 2684 905 2726 cum
918 2683 1071 2746 magnam

163 2765 385 2829 auctoritatem
412 2765 472 2829 sibi
493 2786 602 2850 pugna
629 2766 685 2829 illa
706 2765 827 2847 navali,
859 2786 954 2849 quam
983 2766 1071 2849 apud

165 2866 303 2932 Gnidum
333 2868 471 2951 fecerat,
507 2869 723 2932 constituisset
753 2889 819 2931 non
850 2868 955 2931 solum
984 2868 1071 2932 inter

163 2972 330 3053 barbaros,
363 2969 422 3034 sed
454 2971 550 3034 etiam
583 2992 693 3035 omnes
727 2969 881 3035 Graeciae
914 2970 1071 3054 civitates,
1134 2972 1142 2981 “

165 3075 246 3138 clam
269 3073 344 3136 dare
368 3092 499 3157 operam
522 3075 637 3158 coepit,
660 3079 695 3137 ut
715 3073 841 3137 Ioniam
864 3079 896 3138 et
918 3073 1072 3137 Aeoliam

128 3197 141 3234 a
164 3176 614 3241 restitueretAtheniensibus.
637 3176 677 3239 Id
693 3198 765 3240 cum
781 3177 885 3241 minus
899 3177 1070 3259 diligenter

166 3285 248 3343 esset
271 3279 424 3362 celatum,
454 3280 632 3362 Tiribazus,
664 3280 718 3364 qui
736 3279 888 3343 Sardibus
910 3285 1069 3364 praeerat,

167 3381 331 3447 Cononem
362 3383 508 3446 evocavit
539 3382 689 3446 simulans
719 3382 760 3446 ad
786 3404 899 3467 regem
928 3403 1002 3447 eum
1033 3405 1070 3449 se
