2400 3848
169 230 225 288 130
292 255 294 260 .
463 226 544 266 xxm.
564 225 722 266 narremur.
742 226 773 266 1³.

132 403 143 441 1
232 374 327 440 XIII.
365 374 417 439 Sic
452 374 501 438 vir
542 374 733 438 fortissimus
769 373 877 438 multis
914 373 1074 460 variisque

67 475 68 478 '
166 482 352 566 perfunctus
366 479 529 543 laboribus
550 498 633 542 anno
651 479 809 564 acquievit
824 481 1073 564 septuagesimo.

166 584 289 658 Quibus
306 583 488 647 oonsulibus
510 583 677 665 interierit,
700 604 766 647 non
780 584 938 648 convenit.
972 583 1073 648 Nam·

55 728 58 734 -
166 708 228 772 que
257 685 383 750 Atticus
411 687 455 750 Μ.
480 685 614 750 Claudio
638 686 791 751 Marcello
823 686 861 760 Q.
885 686 986 750 Fabio
1009 685 1073 750 La-

165 791 270 854 beone
287 789 469 853 oonsulibus
485 795 646 852 mortuum
668 791 702 854 in
717 791 823 853 annali
845 811 902 853 suo
919 790 1073 873 scriptum

165 893 309 977 reliquit3
332 897 366 956 at
379 891 534 977 Polybius
549 892 586 956 L.
598 891 739 957 Aemilio
755 892 856 957 Paulo
874 892 931 956 On.
947 892 1072 955 Baebio

165 996 350 1080 Tamphll03
383 996 540 1080 Sulpicius
572 1001 680 1059 autem
708 995 817 1059 Blitho
848 994 886 1059 P.
918 994 1070 1058 Cornelio

131 1131 143 1170 r
167 1101 312 1184 Cethego
335 1100 378 1163 M.
401 1099 524 1164 Baebio
547 1099 726 1184 Tamphilo,
760 1098 868 1185 Atque
891 1099 943 1163 hic
964 1104 1071 1163 tantus

164 1205 213 1267 vir
240 1204 399 1287 tantisque
428 1203 520 1266 bellis
550 1202 710 1267 districtus
739 1203 885 1267 nonnihil
915 1202 1071 1287 temporis

164 1308 274 1372 tribuit
301 1307 425 1370 littorio.
470 1306 617 1389 Namque
647 1296 769 1391 aliquot
794 1306 862 1371 eius
891 1305 964 1369 libri
997 1309 1072 1369 sunt

166 1410 289 1474 Graeco
327 1431 474 1474 sermone
509 1410 663 1492 confecti,
700 1411 733 1474 in
769 1410 807 1474 iis
844 1409 886 1473 ad
922 1408 1071 1473 Rhodios

166 1513 204 1578 de
238 1514 296 1578 On.
328 1514 438 1578 Manlii
468 1512 620 1577 Vulsonia
657 1515 691 1577 in
720 1512 799 1577 Asia
831 1513 927 1578 rebus
960 1513 1069 1597 gestia.

129 1644 141 1683 a
165 1617 269 1679 Huius
297 1616 375 1680 belli
404 1622 496 1699 gesta
524 1618 616 1680 multi
643 1618 818 1682 memoriae
847 1616 1070 1702 prodiderunt,

52 1792 56 1800 ,
165 1720 222 1784 sed
246 1742 287 1783 ex
309 1720 358 1782 hia
382 1719 464 1802 duo,
494 1721 549 1805 qui
578 1742 650 1784 oum
679 1741 717 1784 eo
746 1722 779 1784 in
809 1722 919 1784 castris
941 1721 1071 1784 luerunt

164 1825 319 1909 simulque
342 1824 507 1906 vixerunt,
538 1847 634 1910 quam
663 1825 718 1888 diu
739 1825 867 1888 fortuna
895 1826 1070 1909 porracei,

163 1925 287 1990 Silenus
319 1931 352 1992 et
381 1927 503 1991 Sosilus
532 1926 822 1993 Lacedaemonius.
866 1926 975 2012 Atque
1007 1927 1071 1991 hoo

163 2030 266 2094 Sosilo
296 2030 459 2094 Hannibal
487 2031 665 2094 litterarum
689 2030 885 2094 Graecarum
913 2051 989 2093 usus
1021 2037 1070 2095 est

128 2165 141 2203 ι
164 2135 306 2198 doctore.
351 2134 416 2198 Sed
438 2155 497 2198 noe
520 2140 646 2219 tempus
678 2140 726 2198 est
753 2134 846 2197 huius
868 2133 942 2196 libri
962 2132 1069 2197 facere

161 2235 258 2299 finem
282 2241 315 2299 et
335 2235 557 2299 Romanorum
580 2237 741 2320 explicare
760 2236 981 2321 imperatores,
1004 2255 1067 2319 quo

162 2339 284 2402 facilius
307 2339 431 2402 collatis
453 2345 662 2424 utrorumque
686 2339 787 2422 factis,
817 2339 872 2423 qui
892 2338 953 2404 viri
973 2358 1069 2422 prae·

161 2441 286 2504 ferendi
308 2441 380 2524 sint,
401 2444 503 2525 possit
524 2440 667 2507 iudicari.
