2400 3848
413 225 494 264 xxm.
513 225 672 265 murman.
692 226 725 266 11.
966 227 1020 284 127

117 370 324 437 Cretensibus
348 372 494 436 omnibus
517 372 558 436 ad
572 372 719 437 Prusiam
740 372 774 435 in
788 372 928 437 Pontum
947 395 1021 459 pcr-

115 478 213 540 venit.
258 476 357 560 Apud
389 498 485 561 quem
508 477 625 542 eodem
646 478 752 541 animo
775 478 835 542 fuit
858 499 935 561 erga
956 477 1021 541 Ita-

114 580 192 644 liam
220 601 325 665 neque
358 580 444 643 aliud
479 582 648 666 quicquam
684 582 751 665 egit
781 602 876 665 quam
911 602 1023 664 regem

116 685 251 748 armavit
282 690 314 748 et
344 686 488 749 exercuit
517 685 670 750 adversus
699 685 873 750 Romanos.
919 685 1056 759 Quema

116 808 189 852 cum
210 787 336 852 videret
360 788 543 852 domesticis
567 791 680 874 opibus
707 791 811 853 minus
835 812 905 854 esse
927 791 1023 853 robu·
1130 850 1133 855 .

116 897 210 974 stum,
233 892 422 956 conciliabat
445 898 570 957 ceteros
589 914 693 977 reges,
716 892 911 976 adiungebat
932 893 1023 957 belli·

116 1015 207 1060 cosas
238 997 393 1059 nationes.
438 995 626 1060 Dissidebat
657 997 695 1060 ab
734 1018 773 1062 eo
804 996 1024 1081 Pergamenus

115 1122 176 1166 rex
197 1099 372 1183 Eumenes,
402 1099 556 1164 Romanis
587 1102 811 1185 amicissimus,
840 1102 1024 1186 bellumque

115 1203 201 1268 inter
224 1224 280 1268 eos
295 1203 467 1287 gerebatur
490 1209 523 1267 et
545 1204 625 1267 meri
649 1209 682 1268 et
696 1210 798 1268 terra:
822 1205 880 1270 sed
902 1206 1052 1268 utrobi-s

118 1328 179 1392 que
202 1306 362 1372 Eumenes
390 1308 463 1391 plus
491 1307 620 1371 valebat
650 1313 784 1391 propter
804 1303 1025 1371 Romanorum

104 1414 322 1492 societatem3
355 1432 417 1495 quo
449 1410 552 1493 magis
581 1411 731 1496 cupiebat
760 1431 832 1475 eum
863 1410 1026 1474 Hannibal

119 1517 270 1602 opprimi:
295 1537 391 1599 quem
413 1516 440 1578 si
462 1516 662 1599 removisset,
685 1516 830 1580 faciliora
844 1516 904 1579 sibi
920 1521 1026 1580 cetera

117 1621 186 1685 fore
210 1619 429 1684 arbitrabatur.
474 1617 529 1682 Ad
550 1618 635 1682 hunc
651 1618 908 1683 interficiundum
928 1619 1026 1682 talem

117 1724 189 1788 iniit
210 1724 377 1786 rationem.
424 1722 534 1786 Classe
550 1724 659 1806 paucis
677 1722 789 1786 diebus
806 1728 897 1787 erant
915 1721 1054 1786 decre-4

118 1829 192 1892 turi.
237 1827 454 1913 Superabatur
468 1828 598 1890 navium
613 1826 834 1890 multitudine:
860 1825 934 1888 dolo
958 1830 1026 1889 erat

117 1931 337 2018 pugnandum,
361 1953 433 1995 cum
447 1951 505 2015 par
526 1951 593 1993 nou
609 1935 694 1994 esset
709 1931 813 1993 armis.
851 1928 1036 2012 Imperavit·

119 2057 215 2121 quam
236 2037 390 2121 plurimas
412 2039 586 2098 venenatas
609 2038 774 2117 serpentes
796 2032 885 2095 vivas
918 2031 1026 2113 colligi

120 2160 238 2224 easque
261 2140 295 2202 in
316 2159 393 2202 vasa
414 2137 524 2201 fictilia
550 2135 660 2200 conici.
705 2135 831 2198 Harum
853 2155 926 2198 cum
947 2133 1052 2196 effe-s

120 2243 217 2307 cisset
238 2263 387 2325 magnam
409 2239 660 2321 multitudinem,
690 2237 742 2301 dic
764 2238 853 2321 ipso,
875 2257 937 2320 quo
961 2236 1025 2298 fac-

117 2349 208 2408 turus
232 2350 299 2408 erat
330 2344 444 2408 navale
466 2343 641 2427 proelium,
671 2340 847 2403 classiarios
871 2344 1026 2403 convocat

117 2447 220 2533 iisque
235 2448 401 2533 praecipit,
425 2467 536 2511 omnes
555 2450 591 2508 ut
613 2446 646 2507 in
661 2463 758 2506 unam
772 2442 926 2507 Eumenis
940 2441 1026 2524 regis

119 2556 310 2616 concurrant
324 2570 449 2631 navem,
472 2570 492 2612 a
514 2547 630 2612 ceteris
645 2551 769 2608 tantum
792 2547 867 2608 satis
888 2544 1026 2608 habeant

122 2675 158 2719 se
189 2655 374 2720 defendere.
418 2654 459 2717 ld
487 2654 559 2716 illos
590 2653 684 2716 facile
716 2651 914 2736 serpentium
945 2649 1027 2712 mul-

122 2757 259 2821 titudine
299 2761 536 2822 consecuturos.
589 2756 664 2820 Rex
700 2761 808 2819 autem
844 2774 908 2837 qua
946 2772 1059 2818 navos

120 2865 309 2944 veheretur,
331 2867 368 2925 ut
389 2862 524 2942 scirent,
546 2880 581 2924 se
603 2861 777 2923 t'acturum:
807 2878 902 2942 quem
925 2858 951 2921 si
974 2865 1027 2919 aut

120 2967 280 3053 cepissent
303 2971 357 3029 aut
378 2965 630 3046 interfecissent,
659 2983 775 3045 magno
798 2962 836 3025 iis
859 2961 1028 3045 pollicetur

119 3072 263 3157 praemio
288 3070 366 3133 fore.

188 3172 248 3238 XI.
278 3171 349 3235 Tali
365 3170 585 3234 cohortatione
601 3170 738 3232 militum
761 3168 845 3231 facta
859 3167 966 3229 classis
988 3167 1026 3229 ab
1047 3196 1056 3232 1

120 3279 261 3362 utrisque
294 3276 327 3338 in
363 3274 523 3358 proelium
556 3271 734 3336 deducitur.
781 3270 922 3343 Quarum
959 3269 1026 3333 acie

121 3383 309 3456 constituta,
345 3379 530 3461 priusquam
567 3377 692 3458 signum
725 3394 852 3456 pugnae
890 3372 1027 3450 daretur,
