2400 3848
52 244 55 250 ·
170 214 222 271 116
466 217 524 258 XXI,
544 219 583 258 DE
596 219 728 260 suemus
746 219 766 258 8.

173 362 290 426 nullius
313 363 450 450 denique
479 367 528 430 rei
556 366 691 452 cupidus
720 365 780 430 nisi
809 363 978 448 singularis
1006 383 1082 448 per·

173 467 326 550 petuique
348 468 476 552 imperii
499 469 540 534 ob
564 489 698 554 eamque
727 489 797 533 rem
820 467 974 532 crudelis:
1006 486 1083 530 nam

176 569 252 633 dum
281 571 316 635 id
347 573 468 636 studuit
495 574 635 655 munire,
667 573 784 636 nullius
811 570 957 655 pepercit
984 568 1082 650 ritae,

130 691 142 728 3
176 695 271 758 quem
303 676 370 739 eius
401 677 621 741 insidiatorem
642 682 779 762 putaret.
823 674 888 739 Hic
918 694 990 738 oum
1017 673 1082 736 111-

175 783 243 842 tute
265 780 469 863 tyrannidem
498 782 557 845 sibi
578 782 775 865 peperisset,
804 797 922 861 magna
951 775 1085 840 retinuit

175 881 343 946 felicitate:
375 885 477 947 maior
509 885 593 948 enim
625 885 715 947 annis
746 883 914 965 sexaginta
945 879 1085 944 decessit

175 984 309 1048 florente
352 1005 464 1069 regno.
517 987 632 1070 Neque
669 987 703 1050 in
739 992 805 1049 tam
848 983 956 1047 multis
993 983 1084 1046 annis

177 1088 362 1173 cuiusquam
393 1111 435 1154 ex
465 1112 522 1154 sna
554 1092 651 1175 stirpe
682 1091 776 1154 funus
806 1088 902 1170 vidit,
936 1108 1009 1151 cum
1041 1107 1085 1150 ex

176 1190 276 1254 tribus
298 1193 452 1257 uxoribus
474 1194 592 1258 liberos
614 1193 749 1258 haberet
770 1192 925 1275 multique
955 1191 987 1254 ei
1016 1189 1085 1254 nati

177 1299 284 1358 essent
305 1300 450 1379 nepotes.

135 1415 147 1454 1
243 1395 305 1460 HI.
334 1397 481 1461 Fuerunt
494 1404 660 1482 practerea
677 1399 785 1482 magni
799 1420 895 1482 reges
917 1419 960 1462 ex
975 1394 1084 1460 amicis

176 1497 356 1564 Alexandri
379 1501 504 1583 Magni,
537 1501 590 1584 qui
618 1507 692 1585 post
715 1501 837 1564 obitum
860 1500 927 1563 eius
950 1497 1086 1582 imperia

178 1608 348 1687 ceperunt,
370 1604 463 1666 iniis
485 1602 666 1686 Antigonus
690 1608 722 1666 et
743 1603 836 1667 huius
858 1602 941 1666 filius
962 1601 1084 1666 Deme·

137 1725 150 1764 1
178 1706 267 1787 11111,
288 1705 508 1790 Lysimachus,
532 1706 694 1788 Seleucus,
717 1707 932 1771 Ptolemaeus.
961 1703 1014 1769 Ex
1035 1703 1086 1768 his

179 1809 361 1892 Antigonus
382 1811 416 1872 in
438 1810 573 1894 proelio,
597 1830 668 1874 cum
692 1809 844 1874 adversus
859 1808 1030 1873 Seleucum
1052 1811 1088 1871 et

179 1912 404 1996 Lysimachum
437 1912 618 1996 dimicaret,
651 1913 773 1977 occisus
804 1916 863 1976 est.
906 1910 982 1976 Pari
1018 1911 1085 1974 leto

181 2018 324 2081 adfectus
361 2023 410 2081 est
440 2017 649 2102 Lysimachus
682 2017 722 2082 ab
755 2016 910 2081 Seleuco:
948 2034 1086 2098 namque

139 2139 152 2178 a
181 2121 335 2185 societate
352 2120 506 2185 dissoluta
521 2120 641 2186 bellum
663 2121 747 2185 inter
768 2141 803 2184 se
825 2124 1004 2204 gesserunt.
1041 2116 1089 2181 At

75 2311 78 2316 1
181 2224 381 2307 Demetrius,
410 2245 484 2288 cum
511 2224 609 2290 filiam
639 2245 729 2288 suam
751 2223 887 2288 Seleuco
917 2223 950 2285 in
978 2220 1088 2284 matri·

182 2328 326 2391 monium
349 2327 491 2392 dedisset
517 2348 623 2409 neque
647 2348 685 2393 eo
709 2327 811 2410 magis
839 2325 904 2389 fida
924 2325 1009 2388 inter
1032 2343 1090 2387 eos

184 2430 322 2493 amicitia
337 2450 467 2495 manere
482 2433 648 2515 potuisset,
670 2436 780 2515 captus
795 2430 880 2494 bello
896 2431 930 2492 in
946 2427 1091 2492 custodia

141 2553 155 2590 4
184 2551 275 2595 socer
297 2533 409 2615 generi
436 2535 532 2617 periit
559 2555 578 2597 a
600 2533 723 2598 morbo.
767 2531 882 2616 Neque
914 2533 959 2595 ita
987 2530 1090 2595 multo

183 2641 257 2719 post
279 2634 433 2699 Seleucus
454 2657 473 2699 a
494 2636 682 2701 Ptolemaeo
708 2635 854 2700 Cerauno
886 2635 961 2697 dolo
991 2633 1090 2697 inter-

184 2737 286 2800 fectus
320 2743 384 2820 est,
419 2760 514 2822 quern
546 2741 601 2804 ille
635 2760 654 2805 a
684 2745 776 2824 patre
810 2738 978 2822 expulsum
1011 2733 1091 2800 Ale-

185 2842 329 2905 xandrea
357 2842 532 2906 alienarum
562 2863 659 2927 opum
686 2843 885 2925 indigentem
913 2843 1090 2922 receperat.

186 2944 260 3028 lpse
284 2951 390 3009 autem
412 2945 628 3027 Ptolemaeus,
661 2966 733 3008 cum
754 2945 845 3008 vivus
867 2943 931 3006 filio
955 2961 1092 3024 regnum

186 3046 386 3130 tradidisset,
415 3048 455 3112 ab
484 3048 539 3111 illo
571 3047 688 3112 eodem
710 3047 776 3110 vita
803 3045 944 3130 privatus
967 3042 1091 3106 dicitur.

140 3173 153 3212 1
188 3149 239 3213 De
269 3151 382 3234 quibus
411 3151 562 3235 quoniam
590 3152 667 3214 satis
691 3150 809 3214 dictum
838 3153 996 3233 putamus,
1026 3166 1092 3210 non

189 3253 429 3317 incommodum
461 3254 588 3318 videtur
620 3275 684 3318 non
719 3253 894 3339 praeterire
927 3249 1091 3313 Hamilca-

190 3378 258 3420 rem
281 3363 313 3421 et
333 3356 565 3440 Hannibalem,
596 3379 677 3437 quos
700 3363 733 3422 et
755 3355 851 3420 animi
872 3351 1092 3434 magnitudino
1129 3376 1132 3381 ·
