2400 3848
496 263 523 304 v.
546 263 683 307 crucan
1002 266 1040 323 25

138 412 414 477 Lacedaemonem
428 417 653 493 reverteretur,
678 411 711 474 in
733 410 858 495 itinere,
882 433 953 476 cum
975 412 1039 474 iam

137 518 171 580 in
191 537 230 581 eo
248 521 342 598 esset,
364 520 399 579 ut
414 514 748 600 comprehenderetur,
773 536 814 579 ex
828 516 919 580 vultu
934 515 1037 579 cuius·

138 620 213 685 dam
236 620 357 706 ephori,
380 621 433 706 qui
456 641 528 684 eum
544 619 710 684 admoneri
728 620 885 704 cupiebat,
907 619 1037 685 insidias

137 725 197 789 sibi
217 724 286 787 fieri
306 724 476 788 intellexit.
519 724 631 808 Itaque
654 725 763 808 paucis
790 731 863 789 ante
886 723 1036 808 gradibus
1059 745 1070 783 a

137 849 232 913 qnam
254 828 309 911 qui
339 847 413 891 eum
435 826 649 911 sequebantur
670 827 704 891 in
725 827 840 892 aedem
861 828 1035 910 Minervae,

137 952 216 1017 quae
254 931 452 996 Chalcioicos
488 936 635 1012 vocatur,
673 930 822 1014 confugit.
873 931 958 996 Hinc
994 952 1035 996 na

136 1036 224 1099 exire
247 1040 366 1120 posset,
389 1034 495 1097 statim
518 1033 631 1118 ephori
645 1035 753 1098 valvas
776 1035 844 1098 eius
867 1033 954 1098 aedis
979 1033 1034 1097 ob-

135 1143 320 1202 struxerunt
342 1142 524 1222 tectumque
547 1141 620 1199 sunt
642 1135 795 1219 demoliti,
819 1157 880 1222 quo
901 1137 1036 1201 celerius

134 1241 192 1305 sub
218 1240 290 1316 divo
314 1239 467 1303 interiret.
512 1238 638 1301 Dicitur
670 1259 708 1302 eo
732 1244 877 1323 tempore
900 1245 1069 1306 matrems

134 1343 311 1408 Pausaniae
327 1342 444 1405 vixisse
462 1362 594 1425 eamque
617 1342 680 1404 iam
700 1362 815 1425 magno
839 1347 924 1424 natu,
946 1348 1034 1426 post-

135 1468 230 1532 quam
261 1445 302 1524 de
334 1446 454 1510 scelere
486 1445 543 1508 filii
574 1447 747 1531 comperit,
784 1447 818 1509 in
847 1446 957 1530 primis
994 1445 1035 1509 ad

134 1550 233 1613 filium
265 1547 478 1613 claudendum
508 1547 648 1632 lapidem
679 1548 721 1612 ad
750 1549 915 1612 introitum
946 1548 1034 1612 aedis

133 1653 288 1716 attulisse.
332 1650 384 1715 Sic
412 1650 584 1714 Pausanias
615 1672 763 1735 magnam
794 1651 871 1716 belli
900 1653 1068 1736 gloriamr

135 1757 218 1840 turpi
241 1760 344 1818 morte
368 1753 546 1817 maculavit.
590 1753 654 1818 Hic
682 1776 755 1819 cum
777 1756 969 1819 semianimis
994 1754 1034 1819 da

134 1858 254 1942 templo
285 1858 385 1922 elatus
415 1863 515 1940 esset,
545 1858 712 1923 confestim
741 1860 878 1923 animam
907 1859 1035 1924 efflavit.

135 1958 233 2023 Cuius
255 1958 374 2021 mortui
402 1978 517 2042 corpus
548 1980 621 2022 cum
642 1960 759 2025 eodem
780 1962 925 2025 nonnulli
947 1960 1033 2025 dice·
1055 1989 1068 2026 s

135 2067 206 2126 rent
226 2061 336 2125 inferri
359 2066 524 2144 oportere,
548 2081 610 2144 quo
633 2062 672 2144 ii,
704 2063 759 2145 qui
781 2062 821 2125 ad
844 2063 1034 2147 supplicium

134 2171 241 2228 essent
264 2163 346 2244 dati,
376 2161 534 2246 displicuit
555 2162 697 2247 pluribus
720 2170 753 2228 et
774 2185 839 2228 non
860 2165 972 2249 procul
994 2164 1033 2228 ah

132 2287 174 2332 co
197 2267 268 2330 loco
291 2265 485 2330 infoderunt.
529 2264 618 2330 Inde
633 2268 791 2351 posterius
813 2267 866 2332 dei
884 2268 1034 2353 Delphici

133 2389 287 2454 responso
312 2374 421 2432 erutus
450 2375 499 2432 est
529 2374 623 2452 atque
647 2369 764 2433 eodem
785 2371 857 2435 loco
880 2371 1031 2455 sepultus,

133 2473 187 2536 ubi
208 2472 306 2536 vitam
328 2480 487 2556 posuerat.

558 2697 589 2759 V

497 2835 662 2910 CIMON.

195 2989 222 3053 Ι.
252 2989 407 3071 (limon,
430 2989 633 3053 Miltitdis
653 2990 786 3073 filius,
808 2990 1064 3066 Athenien-1

130 3093 186 3156 sis
209 3092 288 3155 duro
311 3091 483 3155 admodum
504 3091 593 3156 initio
614 3114 689 3156 usus
713 3099 761 3156 est
783 3091 1028 3156 adulescentiae.

132 3195 213 3260 Nam
243 3217 315 3260 cum
342 3201 433 3280 pater
462 3195 529 3258 eius
559 3196 650 3260 litem
680 3194 879 3259 aestimatam
906 3194 1027 3278 populo

129 3302 255 3366 solvere
277 3321 343 3365 non
364 3301 521 3386 potuisset
544 3302 584 3365 oh
607 3321 740 3385 eamque
756 3319 883 3363 causam
904 3300 938 3362 in
960 3299 1028 3363 vin·

130 3404 186 3467 olis
207 3403 342 3488 publicis
366 3402 570 3483 decessisset,
601 3402 715 3467 Cimon
743 3401 858 3466 eadem
887 3399 1030 3465 custodia

182 3513 302 3552 cornelius
315 3513 396 3562 Nepos.
422 3512 462 3551 Ed.
476 3511 494 3550 8.
859 3507 874 3555 2
