2400 3848
417 279 463 319 XV.
483 277 698 318 EPAMINONDAS.
719 278 751 318 10.
1000 285 1037 340 83

133 431 219 496 enim
241 427 382 493 morior.‘
426 429 508 492 Tum
529 428 615 493 ferro
632 436 776 494 extracto
794 431 961 495 confestim
980 454 1036 496 ex-

132 534 291 597 animatus
316 538 373 597 est.

196 636 239 700 X.
268 635 332 700 Hic
347 656 483 700 uxorem
496 658 670 721 numquam
687 637 787 702 duxit.
815 638 856 703 Iu
878 660 941 723 quo
966 659 1070 703 cumr

132 740 423 825 reprehenderetur
445 762 463 804 a
484 741 658 825 Pelopida,
692 743 744 826 qui
773 742 872 805 filium
899 743 1038 806 habebat

131 845 298 927 infamem,
327 845 475 928 maleque
503 866 576 908 eum
605 847 699 909 ineo
723 848 845 930 patriae
870 850 1037 912 consulere

133 949 265 1030 diceret,
297 948 385 1033 quod
405 949 525 1012 liberos
547 970 613 1012 non
634 951 840 1035 relinqueret,
873 949 967 1034 ,vide‘
990 953 1037 1015 in·

131 1053 200 1136 quit
222 1030 286 1134 ,ne'
296 1057 331 1115 tu
346 1053 437 1136 peius
454 1053 610 1136 consulas,
634 1055 688 1138 qui
703 1040 811 1118 talem*
824 1077 866 1119 ex
881 1061 913 1119 te
929 1061 1037 1118 natum

131 1158 299 1221 relicturus
331 1157 382 1220 sis.
427 1157 541 1241 Neque
578 1178 655 1221 vero
693 1159 787 1243 stirps
818 1163 926 1242 potest
961 1159 1071 1224 mihis

133 1261 263 1327 deesse:
297 1282 435 1346 namque
460 1283 501 1326 ex
523 1283 575 1326 me
599 1268 705 1326 natam
728 1263 874 1346 relinquo
898 1283 1039 1346 pugnam

130 1367 342 1450 Leuctricam,
366 1388 446 1451 quae
469 1388 534 1430 non
556 1366 654 1431 modo
678 1366 757 1429 mihi
779 1371 951 1450 superstes,
981 1365 1039 1430 sed

131 1469 228 1534 etiam
251 1470 439 1533 immortalis
462 1470 502 1533 sit
525 1490 656 1534 necesse
683 1467 752 1534 est‘
798 1468 868 1543 Quo
892 1475 1037 1554 tempore
1060 1491 1073 1530 a

131 1573 213 1637 duee
228 1573 388 1657 Pelopida
403 1573 531 1636 exsules
543 1573 669 1636 Thebas
687 1578 882 1656 occuparunt
898 1577 931 1636 et
945 1593 1038 1657 prae·

129 1676 247 1740 sidium
277 1674 609 1738 Lacedaemoniorum
647 1697 689 1739 ex
725 1696 797 1739 aree
835 1677 1038 1760 expulerunt,

131 1779 380 1864 Epaminondas,
404 1801 499 1864 quam
522 1779 577 1843 diu
599 1781 683 1842 facta
706 1785 754 1843 cst
777 1779 892 1843 caedes
912 1780 1037 1863 civium,

131 1882 218 1946 domi
261 1904 294 1947 se
325 1883 444 1960 tenuit,
477 1883 563 1966 quod
595 1903 698 1966 neque
729 1883 829 1946 malos
863 1881 1037 1948 defendere

131 1987 261 2050 volebat
296 2006 402 2070 neque
439 1986 646 2069 impugnare,
682 2006 723 2048 ne
759 2006 871 2048 manus
908 2006 1038 2049 suorum

129 2091 285 2173 sanguine
324 2094 523 2153 cruentaret:
568 2109 705 2171 namque
745 2108 873 2150 omnem
913 2087 1038 2152 civilem

130 2194 297 2258 victoriam
333 2192 491 2256 funestam
528 2192 670 2275 putabat.
721 2191 830 2269 Idem,
869 2197 1038 2275 postquam

129 2297 217 2382 apud
263 2296 438 2361 Cadmeam
482 2317 555 2359 cum
593 2295 858 2359 Lacedaemoniis
902 2297 1038 2379 pugnari

131 2407 281 2485 coeptum
298 2408 355 2483 est,
380 2402 412 2464 in
427 2401 537 2485 primis
554 2400 651 2464 stetit.
674 2400 780 2463 Huius
805 2399 844 2464 de
868 2400 1071 2464 virtutibuss

129 2505 257 2589 vitaque
274 2505 349 2568 satis
366 2510 434 2568 erat
457 2504 587 2586 dictum,
611 2505 637 2567 si
652 2505 714 2568 hoc
734 2526 833 2567 unum
849 2504 1036 2587 adiunxero,

129 2607 216 2692 quod
238 2629 333 2672 nemo
357 2609 415 2672 ibit
436 2609 569 2689 infitias,
599 2609 725 2671 Thebas
747 2613 788 2671 ‘ct
810 2612 883 2671 ante
907 2608 1036 2692 Epami-

129 2711 271 2774 nondam
299 2716 408 2775 natum
439 2717 471 2774 et
498 2717 573 2795 post
602 2711 747 2774 eiusdem
768 2711 931 2773 interitum
962 2731 1035 2793 per-

131 2823 230 2900 petuo
254 2818 359 2881 alieno
382 2816 526 2901 paruisse
549 2815 696 2899 imperio,
721 2819 841 2895 contra,
864 2833 959 2896 quam
983 2812 1037 2874 diu

132 2919 188 2982 ille
215 2921 390 3002 praefuerit
418 2919 465 2983 rei
493 2920 659 3003 publicae,
688 2923 784 2999 caput
812 2916 908 2979 luisse
940 2915 1037 2978 totius

134 3023 299 3087 Graeciae.
342 3023 478 3104 Exque
509 3021 655 3102 intellegi
685 3024 793 3103 potest
815 3038 912 3081 unum
934 3018 1036 3080 homi-

133 3145 206 3188 nem
230 3125 329 3209 pluris
351 3145 446 3207 quam
468 3123 629 3187 civitatem
651 3123 759 3186 fuisse.
