2400 3848
164 176 249 296 26ι
325 179 327 186 l
456 283 460 299 ι
524 185 708 303 pomona.

164 383 333 447 tenebatur
370 358 480 470 'neque
520 384 645 468 legibus
682 383 928 448 Atheniensium
968 381 1071 454 emitti

163 488 308 567 poterat,
350 484 412 548 nisi
453 486 641 576 pecuniam,
685 506 748 570 qua
786 490 879 570 pater
918 485 1073 549 multatus

143 591 243 668 serat,
272 587 430 651 solvisset.
474 588 627 683 Habebat
659 593 769 652 autem
801 587 835 652 in
865 587 1070 652 matrimonio

165 707 309 754 sororem
344 712 450 773 suam,
486 679 614 756 nomine
649 691 838 775 Elpinicen,
871 711 937 755 non
969 691 1074 775 magis

164 810 273 855 amore
289 811 385 874 quam
400 812 490 856 more
514 792 642 857 ductus:
666 813 803 878 namque
818 791 1068 856 Atheniensibus

128 892 238 958 slioet
267 893 384 958 eodem
412 901 503 980 patre
532 903 622 960 natas
650 917 769 961 uxores
792 896 919 959 ducere.
963 893 1069 957 Huius

164 997 304 1080 coniugii
331 998 464 1082 cupidus
488 997 604 1064 Gallias
634 1000 764 1086 quidam
792 1019 858 1063 non
880 1005 947 1062 tam
968 1019 1068 1081 gene·

57 1180 58 1184 ¹
163 1120 254 1164 rosus
276 1122 372 1185 quam
393 1104 593 1187 pecuniosus,
624 1104 677 1189 qui
699 1123 831 1187 magnas
851 1103 1002 1187 pecunias
1026 1122 1069 1164 ex

163 1206 300 1270 metallis
322 1206 458 1289 fecerat,
487 1209 554 1292 egit
583 1229 656 1272 oum
679 1207 828 1289 Cimone,
856 1211 893 1270 ut
914 1227 986 1277 earn
1008 1204 1069 1267 sibi

162 1329 299 1373 uxorem
322 1309 429 1374 daret:
452 1311 486 1374 id
509 1312 535 1374 si
554 1311 769 1401 impetrasset,
792 1331 827 1375 se
849 1329 907 1395 pro
931 1309 986 1371 illo
1009 1329 1068 1392 pe·

129 1414 290 1481 rouniam
318 1416 506 1479 soluturum.
550 1415 583 1478 Is
613 1436 685 1479 oum
715 1415 814 1478 talem
846 1412 1069 1476 condicionem

165 1522 402 1600 aspernaretur,
433 1516 577 1600 Elpinice
600 1517 730 1600 negavit
752 1538 786 1580 se
808 1535 973 1600 passuram
994 1514 1069 1577 Mil·

164 1619 258 1683 tiadis
301 1621 490 1705 progeniem
534 1622 567 1684 in
603 1622 715 1685 vinclis
756 1621 890 1706 publicis
927 1618 1070 1701 interire,

165 1723 315 1807 quoniam
336 1723 508 1809 prohibere
529 1730 656 1808 posset,
685 1746 783 1810 seque
808 1724 928 1790 Galliae
951 1727 1068 1807 nuptu-

164 1847 242 1908 ram,
266 1827 292 1889 si
315 1847 363 1906 ea,
387 1848 467 1911 quae
490 1828 704 1912 polliceretur,
726 1827 945 1912 praestitisset.

130 1959 142 1999 1
228 1928 272 1993 H.
301 1929 371 1993 Tali
393 1931 490 1994 modo
515 1931 659 1995 custodia
675 1932 828 1996 liberatus
845 1931 961 1996 Cimon
983 1930 1069 1994 cele-

163 2034 241 2098 riter
277 2033 319 2097 ad
355 2033 567 2119 principatum
598 2035 754 2119 pervenit.
797 2034 948 2098 Habebat
982 2034 1068 2097 enirn

164 2137 239 2201 satis
255 2139 467 2221 eloquentiae,
488 2160 646 2229 summam
660 2138 895 2217 liberalitatem,
919 2157 1068 2219 magnam

163 2239 367 2325 prudentiam
395 2261 468 2304 cum
498 2242 574 2304 iuris
607 2241 705 2305 civilis
734 2246 803 2304 tum
833 2241 881 2305 rei
912 2239 1069 2322 militaris,

164 2342 251 2426 quod
282 2363 354 2406 cum
381 2349 473 2427 patre
503 2364 522 2406 a
550 2363 650 2427 puero
680 2344 714 2407 in
742 2343 934 2407 exercitibus
964 2343 1069 2408 fuerat

163 2452 316 2511 versatus.
350 2448 463 2530 Itaque
487 2449 538 2511 hio
562 2453 594 2512 et
615 2447 770 2534 populum
785 2446 942 2511 urbanum
962 2447 996 2509 in
1011 2468 1069 2511 sua

163 2551 266 2614 tenuit
286 2556 446 2635 potestate
470 2557 502 2615 et
524 2549 610 2635 apud
625 2551 803 2614 exercitum
817 2551 989 2634 plurimum
1011 2570 1068 2612 va·

129 2689 141 2728 2
163 2654 223 2717 luit
245 2655 444 2718 auctoritate.
489 2654 633 2717 Primum
655 2653 829 2736 imperator
848 2651 934 2736 apud
948 2652 1068 2716 flumen

164 2757 333 2841 Strymona
354 2779 486 2840 magnas
509 2758 616 2842 copias
639 2756 797 2820 Thracum
819 2755 950 2838 fugavit,
976 2756 1068 2839 oppi-

165 2861 241 2925 dum
262 2859 482 2945 Amphipblim
515 2861 678 2925 constituit
707 2880 809 2941 eoque
841 2857 953 2921 decem
981 2858 1069 2922 milia

128 2962 408 3052 3Atheniensium
438 2965 472 3028 in
502 2965 661 3028 coloniam
691 2964 785 3026 misit.
830 2961 924 3026 Idem
951 2963 1068 3026 iterum

164 3068 248 3152 apud
270 3067 418 3151 Mycalen
442 3067 633 3153 Cypriorum
663 3072 695 3131 et
716 3066 916 3129 Phoenicum
948 3064 1066 3128 ducen-

163 3175 267 3233 tarum
287 3170 417 3233 navium
440 3171 574 3234 classem
597 3169 755 3233 devictam
778 3169 863 3253 cepit
886 3167 1067 3252 eodemque

164 3273 215 3353 die
238 3273 308 3357 pari
329 3272 458 3335 fortuna
479 3273 513 3336 in
534 3278 621 3336 terra
641 3293 717 3335 usus
741 3275 800 3336 est.
837 3271 984 3354 Namque
1006 3270 1067 3335 ho-

154 3378 259 3441 stium
279 3377 411 3439 navibus
435 3360 540 3459 captis
558 3377 664 3439 statim
687 3396 729 3439 ex
752 3375 851 3439 classe
868 3375 975 3458 copias
993 3394 1069 3438 suas
