2400 3848
165 191 203 246 44
436 188 497 228 v111.
517 188 732 231 rflaasvaunus.
751 191 770 230 a.
783 193 802 231 4.

164 337 321 422 spoliavit,
344 339 390 402 nil
412 339 518 422 attigit
538 338 600 402 nisi
623 361 720 423 arma,
748 362 883 426 quorum
904 342 1071 425 indigebat

129 463 141 501 1
164 464 309 528 quaeque
322 445 364 509 ad
375 446 494 510 victum
505 446 717 530 pertinebant.
740 445 780 510 In
791 448 931 512 secundo
944 451 1069 534 proelio

164 546 280 612 cecidit
296 547 422 632 Critias,
447 550 513 613 dux
528 555 747 634 tyrannorum,
771 571 843 613 cum
858 551 990 634 quidem
1013 573 1070 616 ex-

163 650 317 716 adversus
339 653 572 738 Thrasybulum
593 652 764 716 tentissima
789 659 957 737 pugnaret.

129 777 142 816 1
228 755 290 819 ΙΠ.
327 756 401 820 Hoc
446 757 571 821 deiecto
609 755 782 820 Pausanias
825 757 913 820 venit
954 755 1072 821 Atticis

163 862 300 945 auxilio,
330 884 390 928 rex
417 862 759 927 Lacedaemoniorum.
803 860 836 924 Is
865 861 949 926 inter
970 861 1070 925 Thra-

164 965 312 1048 sybulum
335 972 368 1032 et
390 987 457 1049 eos,
481 966 536 1050 qui
550 967 663 1030 urbem
681 965 843 1047 tenebant,
866 965 943 1029 fecit
957 986 1071 1049 pacem

163 1068 212 1132 his
229 1069 484 1134 condicionibus:
507 1090 548 1133 ne
565 1071 619 1154 qui
630 1073 759 1153 praeter
773 1068 904 1151 triginta
917 1073 1071 1152 tyrannos

164 1177 197 1234 et
221 1172 343 1255 decem,
376 1173 431 1257 qui
451 1178 567 1257 postea
588 1177 754 1256 praetores
778 1172 876 1234 creati
899 1171 1072 1255 superioris

164 1296 253 1340 more
277 1275 474 1340 crudelitatis
506 1280 597 1340 erant
618 1276 683 1353 usi,
713 1273 927 1337 adficerentur
957 1273 1071 1338 exsilio

162 1400 245 1443 neve
267 1380 353 1444 bona
368 1380 622 1465 publicarentur:
645 1377 694 1441 rei
716 1376 862 1462 publicae
885 1377 1071 1461 procuratio

129 1505 142 1544 1
163 1482 284 1566 populo
301 1483 501 1546 redderetur.
529 1483 735 1546 Praeclarum
749 1481 813 1545 hoc
828 1502 955 1566 quoque
971 1481 1071 1543 Thra-

165 1585 285 1669 sybuli,
320 1585 407 1670 quod
434 1587 639 1650 reconciliata
666 1605 763 1669 pace,
796 1605 868 1648 cum
899 1584 1072 1668 plurimum

163 1687 198 1751 in
220 1689 348 1752 civitate
363 1695 482 1774 posset,
505 1691 613 1774 legem
627 1690 710 1771 tulit,
734 1710 774 1752 ne
798 1689 868 1773 quis
891 1693 964 1752 ante
986 1692 1072 1751 acta·

164 1812 236 1853 rum
258 1812 367 1854 rerum
383 1799 584 1857 accusaretur
606 1814 689 1856 neve
707 1793 913 1856 multaretur:
937 1812 1072 1876 eamque

129 1895 211 1959 silli
254 1896 421 1960 oblivionis
460 1897 670 1981 appellarunt.
723 1895 837 1979 Neque
873 1915 951 1959 vero
990 1893 1074 1957 hane

164 2001 290 2061 tantum
312 1999 478 2064 ferendam
502 1999 641 2081 curavit,
664 1997 723 2060 sed
746 1997 858 2080 etiam,
880 2002 917 2061 ut
938 1997 1072 2079 valeret,
1158 2081 1162 2084 ι

166 2100 282 2166 effecit.
327 2103 412 2166 Nam
434 2124 507 2166 cum
523 2101 651 2188 quidam
674 2102 786 2184 exiis,
810 2102 864 2187 qui
882 2102 976 2166 simul
1000 2122 1073 2165 cum

121 2276 122 2281 .
165 2225 204 2268 eo
228 2205 261 2268 in
284 2206 397 2270 exsilio
421 2208 556 2290 fuerant,
583 2206 716 2271 caedem
738 2207 844 2271 facere
867 2227 981 2271 eorum
1003 2206 1071 2270 vel-

164 2307 241 2390 lent,
265 2310 467 2394 cumquibus
488 2310 522 2374 in
544 2311 680 2393 gratiam
694 2310 835 2374 reditum
851 2315 919 2374 erat
934 2309 1072 2394 publice,

164 2411 328 2495 probibuit
357 2417 390 2476 et
418 2412 468 2495 id,
499 2411 585 2496 quod
607 2412 768 2497 pollicitus
791 2418 875 2495 erat,
904 2412 1072 2497 praestitit.

129 2537 140 2577 1
228 2513 287 2578 IV.
317 2514 403 2578 Huic
432 2535 490 2599 pro
521 2517 616 2578 tantis
647 2517 769 2580 meritis
798 2516 930 2580 honoris
953 2536 1074 2579 corona

164 2639 183 2681 a
205 2618 325 2702 populo
350 2617 425 2681 data
447 2623 497 2681 est
518 2618 602 2681 facta
618 2617 740 2682 duabus
753 2619 885 2702 virgulis
907 2619 1071 2702 oleaginis.

165 2721 270 2795 Quam
292 2718 379 2806 quod
402 2741 491 2784 amor
508 2721 626 2785 civium
648 2727 682 2785 et
703 2742 769 2784 non
790 2722 838 2785 vis
859 2727 1072 2806 expresserat,

164 2825 286 2888 nullam
316 2824 427 2888 habuit
464 2824 617 2889 invidiam
651 2846 830 2909 magnaque
866 2826 926 2889 fuit
960 2825 1073 2909 gloria.

130 2961 142 3001 2
165 2927 255 2993 Bene
272 2949 349 3012 ergo
365 2928 507 2992 Pitttacus
519 2917 594 3011 ille,
618 2931 672 3014 qui
694 2931 727 2993 111
749 2935 874 3014 septem
893 2931 1072 3014 sapientum

165 3052 299 3094 numero
323 3035 372 3094 est
394 3030 530 3113 habitus,
557 3052 630 3094 cum
652 3032 840 3116 Mytilenaei
862 3033 963 3096 multa
985 3033 1073 3095 milia

164 3135 313 3217 iugerum
335 3135 404 3216 agri
427 3134 456 3197 ei
479 3136 603 3198 muneri
620 3134 743 3218 darent,
768 3137 888 3219 nolite,
913 3158 968 3200 oro
991 3135 1071 3219 vos,‘

164 3238 276 3322 inquit,
300 3237 345 3320 ,id
359 3237 438 3300 mibi
454 3236 540 3320 dare,
565 3237 652 3322 quod
667 3239 757 3302 multi
773 3237 947 3321 invideant,
964 3240 1072 3323 plures

166 3343 263 3405 etiam
287 3342 519 3423 concupiscant.
566 3341 671 3415 Quare
696 3363 738 3406 ex
760 3342 828 3405 istis
844 3344 919 3405 nolo
936 3342 1071 3426 amplius
