2400 3848
457 167 523 207 xxv.
542 165 670 230 srrrcus.
688 165 713 232 1.Ι
979 166 1036 236 133

130 311 289 390 secundus
319 317 352 377 et
378 313 506 396 tertius,
538 312 623 377 unde
656 334 800 399 quaeque
815 367 817 370 ⁴
831 312 940 376 civitas
966 317 1036 375 orta

131 418 171 480 sit
192 416 314 498 Italica,
339 415 379 479 ob
403 436 498 499 quam
520 436 589 480 rem
613 436 724 479 omnes
741 415 888 498 Origines
908 413 1036 479 videtur

131 520 320 605 appellasse.
354 519 393 582 In
409 525 520 604 quarto
537 526 645 584 autem
659 519 781 583 bellurn
795 517 972 581 Poenicum
987 524 1037 582 est

130 622 278 707 primum,
302 622 334 685 in
357 623 466 706 quinto
490 622 681 687 secundum:
710 627 804 707 atque
827 621 907 685 haec
930 622 1038 686 omnia
1070 645 1073 648 ⁴

131 725 328 811 capitulatim
350 731 424 788 sunt
447 725 539 790 dicta.
573 725 711 810 Reliqua
726 745 852 809 quoque
864 723 954 808 bella
968 724 1038 814 pari
1056 743 1068 780 4

131 827 229 891 modo
252 833 439 912 persecutus
471 812 642 914 estusque
666 828 707 892 ad
729 835 913 915 praeturam
936 828 1038 892 Servii

132 929 271 1012 Galbae,
309 932 363 1015 qui
400 931 530 1016 diripuit
562 923 752 996 Lusitanos:v
790 938 884 1016 atque
921 932 1037 995 horum

130 1033 290 1097 bellorum
313 1033 409 1098 duces
432 1055 498 1098 non
519 1036 706 1126 neminavit,
730 1035 788 1098 scd
810 1036 878 1099 sine
898 1036 1036 1099 nomini-

129 1136 189 1215 bus
219 1158 270 1200 res
299 1138 431 1202 notavit.
476 1137 517 1201 In
547 1138 668 1202 eisdem
698 1140 862 1223 exposuit,
893 1160 974 1223 quae
1003 1139 1036 1200 in

130 1241 225 1305 Italia
246 1240 473 1327 Hispaniisque
497 1247 551 1305 aut
568 1242 682 1306 fierent
704 1247 758 1305 aut
773 1242 958 1306 viderentur
979 1241 1035 1304 ad-

131 1345 291 1409 miranda:
325 1346 494 1430 inquibus
516 1347 617 1410 multa
638 1346 793 1410 industria
815 1351 848 1410 et
871 1345 1036 1429 diligentia

131 1454 306 1532 comparet,
329 1449 417 1512 nulla
440 1449 591 1514 doctrina.
635 1450 740 1514 Huius
764 1449 891 1538 devita
912 1453 945 1513 11
966 1468 1063 1512 mor

131 1551 218 1614 ribus
239 1551 332 1636 plura
360 1552 392 1615 in
422 1573 460 1616 eo
490 1553 572 1616 libro
594 1552 755 1638 persecuti
784 1574 909 1634 sumus,
941 1554 1037 1637 quem

131 1655 303 1738 separatim
342 1654 381 1718 de
416 1676 455 1719 eo
487 1656 622 1739 fecimus
651 1660 767 1738 rogatu
797 1655 833 1719 T.
864 1653 1036 1739 Pomponii

130 1754 241 1820 Attici.
274 1757 380 1831 Quare
399 1758 559 1822 studiosos
577 1758 705 1823 Catonis
727 1758 769 1822 ad
790 1758 871 1822 illud
886 1759 1036 1822 volumen

132 1859 328 1945 delegamus.

527 2000 626 2064 XXV

468 2132 693 2207 ATTICUS.

195 2270 222 2336 I.
251 2272 287 2336 Τ.
311 2273 561 2358 Pomponius
584 2274 748 2365 Atticus
778 2273 817 2337 ab
841 2275 963 2358 origine
986 2275 1059 2339 ul·1

130 2375 210 2438 tima
225 2376 330 2460 stirpis
346 2376 512 2442 Romanae
528 2384 700 2461 generatus
715 2385 871 2462 perpetuo
895 2400 914 2441 a
935 2380 1036 2443 maio·

130 2478 218 2541 ribus
250 2486 414 2565 acceptam
446 2487 627 2565 equestrem
667 2482 803 2545 obtinuit
837 2481 1036 2565 dignitatem.

39 2649 42 2652 ,
131 2581 228 2646 Patre
244 2604 319 2645 usus
336 2589 385 2646 est
401 2583 554 2668 diligente
574 2591 617 2669 et,
640 2591 676 2649 ut
690 2592 758 2649 tum
774 2593 1058 2672 111111111111011,2

132 2683 190 2746 diti
212 2684 245 2746 in
267 2686 439 2770 primisque
456 2688 599 2752 studioso
615 2689 803 2754 litterarum.
845 2690 918 2771 Hic,
940 2697 1045 2776 prout,

88 2847 91 2852 1
131 2787 200 2872 ipse
230 2789 357 2852 amabat
384 2790 524 2874 litteras,
555 2792 701 2855 omnibus
725 2792 893 2876 doctrinis,
923 2794 1036 2875 quibus

130 2890 263 2974 puerilis
295 2897 383 2954 aetas
413 2893 571 2983 impertiri
604 2893 718 2977 debet,
755 2895 856 2958 filium
888 2896 1035 2960 erudivit.

131 2993 210 3076 Erat
232 2999 340 3058 autem
368 2997 401 3058 in
422 3017 523 3080 puero
546 3003 674 3081 praeter
698 2997 893 3062 docilitatem
916 2998 1065 3082 ingeniis

131 3119 256 3173 summa
277 3099 415 3163 suavitas
439 3101 502 3184 oris
525 3093 620 3186 atque
643 3101 748 3183 vocis,
776 3106 813 3164 ut
842 3122 908 3164 non
931 3103 1035 3166 solum

131 3202 280 3277 celeriter
301 3204 477 3287 acciperet,
502 3226 583 3289 quae
606 3203 827 3286 tradebantur,
857 3203 915 3268 sed
938 3206 1035 3269 etiam

131 3307 329 3373 excellenter
349 3308 580 3391 pronuntiaret.
626 3307 697 3380 Qua
718 3329 761 3372 ex
786 3329 821 3373 re
843 3308 877 3371 in
898 3308 1034 3390 pueritia

172 3421 291 3462 cornelius
305 3424 388 3473 Nepos.
414 3426 454 3465 Ed.
467 3428 485 3466 3.
843 3432 859 3484 8
