2400 3848
199 269 236 325 33
508 267 556 306 vn.
576 268 754 307 sncmmnns.
775 270 793 306 s.

199 415 279 477 ciam
317 415 439 478 introiit
476 416 646 498 gloriosius
680 416 865 479 existimans
896 415 1105 479 barbarorum

197 516 318 601 praeda
339 517 528 601 locupletari
552 539 646 602 quam
671 518 849 582 Graiorum.
897 519 967 593 Qua
998 540 1040 582 ex
1069 540 1105 583 re

199 628 343 685 creverat
367 643 438 685 cum
460 622 634 687 famatum
658 624 771 708 opibus
788 644 1001 707 magnamque
1025 622 1104 684 ami-

199 725 305 787 citiam
328 725 388 788 sibi
411 746 483 798 cum
506 725 694 810 quibusdam
716 726 846 810 regibus
868 726 1023 790 Thraciae
1046 746 1105 810 pe-

198 835 337 911 pererat.
1066 844 1070 850 ’

163 951 173 986 1
262 931 355 996 VIII.
385 933 498 1017 Neque
521 939 630 998 tamen
658 955 677 997 a
700 934 831 997 caritate
854 933 976 1018 patriae
999 931 1106 1016 patuit

197 1034 361 1100 recedere.
388 1037 471 1099 Nam
488 1058 560 1100 eum
576 1036 662 1122 apud
676 1037 787 1121 Aegos
802 1039 921 1101 flumen
933 1036 1106 1120 Phildeles,

197 1146 325 1225 praetor
341 1140 596 1223 Atheniensium,
621 1142 754 1206 classem
776 1141 992 1205 constituisset
1014 1161 1107 1203 suam

196 1266 301 1329 neque
323 1245 421 1328 longe
445 1245 572 1309 abesset
590 1242 766 1329 Lysander,
789 1250 919 1329 praetor
940 1242 1105 1308 Lacedae-

197 1349 393 1431 moniorum,
418 1349 471 1434 qui
492 1349 526 1412 in
550 1369 588 1412 οο
614 1353 682 1412 0101
706 1354 894 1432 occupatus,
926 1353 962 1410 ut
983 1347 1106 1410 bellum

198 1473 293 1535 quam
323 1451 497 1515 diutissime
530 1452 676 1533 duceret,
707 1451 793 1536 quod
822 1451 898 1536 ipsis
927 1452 1063 1534 pecunia
1085 1473 1107 1515 a

197 1576 275 1638 rege
306 1554 586 1639 suppeditabatur,
621 1561 733 1620 contra
763 1555 1013 1620 Atheniensibus
1046 1575 1105 1618 011-

197 1658 317 1722 haustis
340 1665 468 1743 praeter
498 1681 586 1723 arma
612 1666 645 1723 et
667 1681 765 1724 naves
794 1660 873 1723 nihil
902 1665 970 1723 erat
998 1680 1105 1743 super,

162 1785 174 1823 a
197 1761 381 1828 Alcibiades
405 1763 445 1827 ad
469 1765 646 1828 exercitum
668 1765 755 1828 venit
777 1763 1022 1828 Atheniensium
1044 1763 1105 1826 ibi-

198 1887 260 1950 que
290 1872 458 1950 praesente
490 1868 587 1951 vulgo
627 1888 723 1950 agere
757 1867 878 1951 coepit:
916 1867 942 1929 si
973 1866 1105 1950 vellent,

197 1989 231 2033 se
266 1976 451 2035 coacturum
482 1971 683 2056 Lysandrum
718 1971 868 2036 dimicare
903 1977 958 2035 aut
990 1992 1106 2055 pacem

197 2080 324 2158 petere3
357 2075 632 2139 Lacedaemonios
664 2096 703 2139 00
738 2075 825 2139 nolle
860 2074 961 2137 classe
994 2074 1105 2136 confli-

196 2197 284 2260 gere,
307 2177 395 2263 quod
410 2178 613 2262 pedestribus
636 2181 735 2264 copiis
758 2180 829 2264 plus
853 2200 948 2262 quam
970 2178 1105 2242 navibus

160 2309 173 2348 a
196 2281 355 2345 valerent:
385 2283 445 2345 sibi
468 2288 575 2346 autem
598 2304 668 2347 esse
689 2283 781 2346 facile
805 2281 963 2363 Seuthen,
992 2301 1105 2363 regem

113 2453 117 2456 ,
144 2451 146 2454 ⁴
196 2382 362 2466 Thracum,
385 2384 556 2467 adducere,
580 2392 615 2448 ut
629 2405 704 2448 eum
721 2390 806 2449 terra
823 2383 1015 2470 depelleret:
1040 2404 1104 2466 quo

196 2486 278 2549 facto
302 2489 482 2551 necessario
507 2472 683 2553 0111010000
707 2489 926 2552 conflicturum
958 2493 1012 2550 aut
1034 2486 1104 2550 bel-

161 2589 260 2652 clum
284 2591 545 2673 compositurum.
589 2590 631 2656 Id
653 2591 714 2654 etsi
742 2612 819 2656 vere
850 2591 969 2654 dictum
992 2590 1104 2653 Philo-

196 2692 260 2756 cles
283 2693 573 2779 animadvertebat,
603 2700 711 2759 tamen
733 2695 894 2779 postulata
914 2693 1019 2757 facere
1042 2712 1102 2755 110-

194 2795 262 2877 luit,
293 2797 380 2879 quod
403 2798 561 2863 sentiebat
583 2821 617 2863 se
640 2798 808 2862 Alcibiade
831 2802 961 2881 recepto
985 2796 1104 2859 nullius

195 2900 350 2962 momenti
372 2900 458 2983 apud
481 2903 658 2965 exercitum
672 2902 815 2963 futurum
838 2906 879 2982 et,
903 2900 929 2962 si
953 2898 1102 2983 quidse-

196 3002 292 3066 cundi
314 3005 489 3088 evenisset,
518 3006 639 3069 nullam
666 3005 700 3068 in
729 3026 768 3068 ea
795 3025 830 3067 re
860 3025 949 3066 suam
977 3007 1104 3086 partem

194 3109 282 3189 fore,
324 3116 452 3189 centra,
489 3108 522 3169 'si
558 3109 635 3192 quid
672 3108 799 3171 adversi
836 3108 1024 3190 accidisset,
1061 3132 1098 3176 se

159 3231 291 3278 aunum
316 3210 383 3274 eius
407 3208 516 3274 delicti
537 3211 678 3273 futurum
691 3231 792 3274 reum.
836 3207 888 3271 Ab
911 3208 974 3270 1100
996 3205 1100 3268 disce-

195 3313 273 3378 dens
305 3313 489 3379 Alcibiades
521 3312 691 3399 ,quoniam‘
721 3313 823 3397 inquit
853 3310 1016 3395 ,victoriae
1043 3330 1100 3393 pa-

194 3418 273 3480 triae
296 3438 465 3500 repugnas,
487 3417 567 3480 illud
590 3438 717 3499 moneo,
740 3418 831 3479 iuxta
848 3415 975 3477 hostem
998 3417 1103 3475 castra
