2400 3848
429 248 458 287 11.
478 245 703 286 THEMISTOCLES.
723 247 741 284 t.
1000 250 1034 306 13

41 455 49 469 ,
131 398 303 480 lissimum,
332 396 373 460 ad
402 416 514 480 regem
536 396 638 478 misit,
666 401 702 478 ut
730 394 759 461 ei
781 395 943 460 nuntiaret
971 397 1035 460 suis

131 503 237 566 verbis
261 500 459 565 adversarios
481 500 549 563 eius
577 499 611 562 in
632 499 709 582 fuga
731 519 817 564 esse:
847 499 901 583 qui
923 497 949 562 si
973 499 1034 562 dis·
1058 531 1070 565 ι

133 605 317 686 cessissent,
350 603 472 667 maiore
505 623 577 666 cum
607 603 717 667 labore
750 608 783 666 et
812 602 1034 687 longinquiore

133 715 278 793 temporo
302 706 421 772 bellum
444 705 673 787 confecturum,
700 726 772 769 oum
795 705 936 788 singulos
960 726 1034 770 con-

133 812 248 877 sectari
277 821 462 893 cogeretur:
494 828 573 892 quos
604 809 632 871 si
659 808 766 871 statim
796 807 1053 892 aggrederetur.

133 915 224 981 brevi
251 915 418 978 universos
445 933 680 997 oppressurum.
725 913 799 977 Hoc
830 934 869 977 eo
898 913 1035 994 valebat,

132 1026 169 1085 ut
196 1018 328 1103 ingratis
357 1016 398 1080 ad
427 1015 676 1100 depugnandum
699 1037 810 1080 omnes
833 1022 1034 1100 cogerentur.

132 1123 204 1188 Hac
225 1143 261 1186 re
284 1118 392 1183 audita
406 1119 559 1181 barbarus
573 1118 651 1182 nihil
672 1119 738 1183 doli
752 1120 883 1183 subesse
901 1121 1034 1185 credens
1058 1146 1071 1184 s

132 1226 287 1314 postridie
310 1224 501 1287 alienissimo
531 1223 592 1286 sibi
618 1222 708 1306 looo,
741 1228 852 1287 contra
882 1229 1034 1307 opportu-

132 1332 262 1395 nissimo
285 1329 429 1392 hostibus
453 1326 535 1392 adeo
560 1333 694 1410 angusto
717 1327 798 1390 mari
820 1327 978 1410 conflixit,
1000 1333 1035 1390 ut

133 1436 201 1500 eius
232 1431 403 1497 multitudo
437 1431 566 1494 navium
597 1430 750 1514 explicari
785 1451 851 1494 non
883 1431 1033 1515 potuerit.

131 1539 244 1603 Victus
267 1541 417 1622 ergo'est
438 1536 540 1619 magis
563 1535 660 1599 etiam
681 1534 813 1599 consilio
829 1533 1035 1599 Themistocli

133 1665 227 1729 quam
251 1642 345 1706 armis
370 1640 535 1705 Graeciae.

195 1745 236 1811 V.
266 1746 329 1809 Hic
349 1744 410 1808 etsi
432 1744 516 1808 male
538 1762 608 1806 rem
630 1747 784 1826 gesserat,
807 1748 916 1807 tamen
931 1748 1035 1806 tantas
1057 1764 1066 1800 r

132 1849 270 1913 hahebat
291 1847 441 1930 reliquias
457 1844 630 1931 copiarum,
652 1852 689 1910 ut
711 1847 808 1911 etiem
827 1853 895 1911 tum
916 1847 954 1911 iis
978 1868 1034 1932 op-

132 1953 270 2036 primere
293 1956 403 2035 posset
424 1950 543 2015 hostes.
586 1949 709 2014 Iterum
732 1952 772 2015 ab
795 1952 911 2016 eodem
934 1953 1036 2035 gradu

135 2053 285 2138 depulsus
322 2056 380 2116 est.
433 2052 516 2115 Nam
552 2053 784 2118 Themistocles
820 2076 952 2136 verens,
994 2077 1034 2119 ne

130 2156 252 2221 bellare
275 2161 507 2239 perseveraret,
531 2156 702 2220 certiorem
725 2179 799 2221 eum
820 2158 896 2222 fecit
917 2158 950 2221 id
973 2160 1034 2243 agi,

130 2266 166 2324 ut
187 2280 285 2345 pons,
315 2278 411 2343 quem
439 2258 493 2322 ille
515 2259 548 2322 in
570 2258 782 2343 Hellesponto
806 2261 942 2343 lecerat,
971 2260 1034 2324 dis·

130 2363 309 2428 solveretur
325 2382 362 2426 ao
377 2361 483 2425 reditu
504 2361 538 2425 in
553 2361 665 2426 Asiam
681 2363 915 2447 excluderetur,
936 2364 1033 2450 idque

130 2467 161 2531 ei
182 2465 349 2550 persuasit.
394 2464 524 2548 Itaque,
556 2487 618 2550 qua
640 2488 699 2531 sex
721 2467 882 2531 mensibus
903 2468 965 2532 iter
986 2468 1067 2534 fer

130 2574 235 2651 cerat,
274 2568 387 2633 eadem
420 2570 523 2634 minus
556 2570 668 2635 diebus
698 2572 827 2656 triginta
859 2573 892 2636 in
923 2573 1033 2637 Asiam

129 2695 276 2740 reversus
299 2679 348 2738 est
370 2694 467 2759 seque
491 2696 511 2738 a
527 2675 743 2740 Themistocle
759 2696 824 2739 non
840 2683 1032 2760 superatum,

129 2780 188 2845 sed
210 2785 432 2843 conservatum
461 2779 621 2845 iudicavit.
667 2780 719 2844 sto
749 2780 841 2842 unius
870 2780 930 2843 viri
958 2801 1066 2865 pru-³

131 2882 238 2946 dentia
268 2881 403 2945 Graecia
433 2881 567 2946 liberata
598 2887 646 2946 est
677 2881 889 2966 Europaeque
922 2903 1031 2945 succu-

131 2984 200 3048 buit
222 2980 310 3044 Asia.
353 2981 446 3046 Haeo
468 2981 570 3045 altera
591 2982 735 3064 victorie,
765 3003 846 3066 quae
869 3005 941 3047 cum
963 2983 1031 3046 Ma-

132 3084 280 3150 rathonio
312 3084 413 3165 possit
444 3085 624 3169 comparari
654 3091 798 3169 tropaeo.
850 3086 933 3150 Nam
964 3087 1033 3170 pari

132 3188 230 3253 modo
274 3185 360 3269 apud
400 3185 559 3256 Salamina
599 3208 695 3270 parvo
733 3210 866 3253 numero
905 3191 1033 3254 navium

133 3290 273 3356 maxima
309 3293 383 3372 post
418 3282 583 3351 hominurn
619 3291 807 3353 memoriam
844 3291 952 3356 classis
985 3302 1034 3357 est

135 3393 270 3459 devicta.
