2400 3848
166 229 221 287 104
470 225 551 266 XVIII.
571 224 713 265 EUMENES.
734 223 765 263 11.

130 381 270 443 atamen
304 376 440 439 multum
471 374 617 458 profecit.
669 372 751 435 Nam
786 369 906 434 invidia
942 369 1070 452 dueum,

164 499 236 541 cum
260 478 372 562 quibus
402 482 485 559 erat,
516 475 713 561 perfidiaque
736 474 951 539 Macedonum
978 479 1070 538 vete·

162 602 323 663 ranorum,
347 601 419 644 cum
434 580 579 664 superior
601 577 725 662 proelio
747 577 952 658 discessisset,
975 575 1070 638 Anti·

163 705 248 767 gono
285 690 334 748 est
368 683 512 765 deditus,
550 703 622 746 cum
656 682 816 744 exercitus
850 681 880 745 ei
913 686 963 745 ter
996 685 1070 744 ante

163 788 316 872 separatis
337 787 536 870 temporibus
551 787 687 849 iurasset
709 805 742 848 se
768 805 841 847 eum
866 783 1071 847 defensurum

162 912 267 976 neque
289 912 440 975 umquam
458 889 668 953 deserturum.
706 887 779 951 =Sed
801 890 890 950 tanta
907 886 967 949 init
988 905 1070 949 non·

163 995 323 1059 nullorum
345 995 470 1058 virtutis
494 992 700 1074 obtrectatio,
732 997 767 1054 ut
796 991 894 1055 fidem
922 991 1071 1054 amittere

129 1099 296 1166 amallent
327 1119 421 1182 quam
453 1118 527 1160 eum
557 1116 622 1159 non
653 1094 801 1180 perdere.
846 1093 953 1179 Atque
986 1093 1071 1156 hune

163 1201 361 1285 Antigonus,
394 1222 466 1265 cum
489 1202 519 1265 ei
541 1201 652 1264 fuisset
674 1198 911 1281 infestissimus,
942 1219 1070 1262 conser-

162 1312 283 1387 vasset,
313 1306 339 1368 si
361 1326 419 1389 per
442 1325 516 1368 suos
541 1310 624 1368 esset
646 1303 784 1384 licitum,
809 1301 896 1387 quod
918 1303 957 1365 ab
981 1301 1070 1366 nullo

163 1429 197 1472 se
220 1408 291 1492 plus
315 1408 457 1471 adiuvari
486 1429 581 1493 posse
604 1408 813 1490 intellegebat
842 1408 875 1470 in
903 1406 941 1470 iis
963 1406 1071 1488 rebus,

164 1532 241 1595 quas
263 1511 449 1596 impendere
472 1513 537 1575 iam
557 1513 731 1597 apparebat
760 1511 915 1576 omnibus.
960 1509 1070 1573 Immi-

163 1614 281 1676 nebant
304 1615 388 1677 enim
412 1613 581 1697 Seleucus,
604 1615 830 1699 Lysimachus,
853 1615 1071 1697 Ptolemaeus,

165 1717 276 1800 opibus
299 1717 362 1779 iam
384 1717 544 1800 valentes,
577 1739 649 1781 cum
672 1719 785 1802 quibus
815 1719 844 1782 ei
875 1718 914 1782 de
939 1719 1071 1782 summis

126 1821 257 1888 erebus
290 1825 359 1884 erat
382 1820 606 1885 dimicandum.
652 1821 717 1886 Sed
748 1842 813 1885 non
836 1823 921 1906 passi
943 1826 1015 1884 sunt
1037 1822 1071 1904 ii,

163 1927 216 2009 qui
239 1925 323 1988 circa
345 1931 451 2006 erant,
481 1924 567 2009 quod
596 1925 748 1989 videbant
771 1925 915 1989 Eumene
937 1930 1069 2008 recepto

164 2050 275 2092 omnes
296 2049 373 2112 prae
396 2030 453 2092 illo
469 2030 559 2114 parvi
575 2030 708 2093 futuros.
753 2028 827 2113 Ipse
852 2032 960 2091 autem
975 2027 1070 2090 Anti-

163 2153 265 2215 gonus
297 2131 379 2196 adeo
413 2137 481 2196 erat
512 2133 676 2214 incensus,
709 2137 744 2194 ut
775 2132 836 2194 nisi
867 2151 984 2216 magna
1013 2151 1071 2215 spe

163 2238 374 2299 maximarum
395 2258 503 2300 rerum
525 2236 618 2299 leniri
640 2257 706 2298 non
727 2240 846 2320 posset.

130 2369 141 2405 ι
227 2337 287 2400 ΧΙ.
315 2338 428 2422 Itaque
459 2359 532 2401 cum
561 2360 634 2402 eum
664 2339 696 2400 in
720 2339 897 2402 custodiam
930 2338 1073 2405 dedisset

165 2444 197 2503 et
218 2440 398 2523 praefectus
418 2441 586 2505 custodum
609 2443 794 2527 quaesisset,
819 2464 914 2527 quem
937 2443 978 2506 ad
1000 2464 1071 2506 mo·

166 2542 241 2605 dum
263 2544 383 2606 servari
404 2544 519 2625 vellet,
561 2550 606 2626 ,ut
628 2544 828 2608 acerrimum‘
857 2547 960 2630 inquit
991 2547 1070 2629 ,leo-

163 2665 238 2707 nem
253 2649 307 2706 aut
324 2644 555 2708 ferocissimum
571 2645 802 2728 elephantum‘:
826 2648 969 2712 nondum
985 2651 1071 2714 enim

128 2778 143 2815 2
164 2752 326 2829 statuerat,
343 2754 548 2811 conservaret
563 2769 637 2812 eum
652 2770 763 2813 necne.
786 2749 947 2815 Veniebat
963 2759 1071 2819 autem

164 2851 205 2914 ad
227 2852 407 2915 Eumenem
433 2857 603 2936 utrumque
626 2872 728 2935 genus
751 2834 932 2938 hominum,
962 2863 995 2920 et
1018 2860 1070 2943 qui

164 2964 296 3041 propter
325 2959 433 3022 odium
461 2959 598 3023 fructum
628 2958 727 3024 oculis
757 2980 799 3022 ex
821 2959 889 3023 eius
919 2981 993 3024 casu
1016 2982 1068 3024 ca-

163 3079 239 3140 pere
267 3061 402 3142 vellent,
433 3062 541 3144 etqui
568 3067 702 3145 propter
723 3066 867 3125 veterem
896 3063 1069 3127 amicitiam

162 3161 283 3243 alloqui
311 3164 532 3247 consolarique
556 3171 726 3248 cuperent,
756 3164 849 3227 multi
872 3165 985 3246 etiam,
1014 3165 1069 3248 qui

144 3262 232 3327 eius
263 3264 397 3327 formam
429 3286 623 3348 cognoscere
655 3267 842 3350 studebant,
875 3289 970 3352 quem
1002 3275 1069 3332 tam

164 3367 221 3436 diu
248 3376 377 3451 tamque
406 3369 500 3435 valde
530 3373 727 3451 timuissent,
757 3372 845 3435 cuius
867 3371 900 3434 in
925 3372 1068 3454 pernicie
