2400 3848
427 246 469 286 111.
489 245 646 287 1111611666
666 247 685 286 1.
972 249 1006 304 19

101 397 141 462 de
164 397 298 483 Graecia
316 397 527 482 opprimenda
543 396 703 482 pollicitus
728 401 821 479 esset,
844 400 1005 481 praestare

100 522 195 587 posse
211 502 407 586 desperaret.
430 501 524 565 Idem
539 521 611 564 ossa
623 501 690 564 eius
706 500 788 564 clam
798 500 832 561 in
842 498 951 561 Attica
966 499 1005 561 ab

102 606 211 670 amicis
225 607 359 690 sepulta,
379 607 528 690 quoniam
543 606 669 689 legibus
683 625 749 668 non
764 604 1004 686 concederetur,

102 708 384 794 quodproditionis
393 716 477 775 esset
486 709 662 795 damnatus,
671 710 844 776 memoriae
852 707 1003 793 prodidit.

521 936 584 1000 ΙΠ.

311 1072 313 1076 ’
418 1077 686 1152 ARISTIDES.

164 1229 190 1292 Ι.
213 1227 442 1311 Aristides,
471 1230 705 1315 Lysimachi
727 1230 857 1311 filius,
880 1229 1002 1294 Athe·
1036 1243 1047 1281 1

99 1331 255 1396 niensis
278 1333 419 1418 aequalis
450 1333 519 1398 fere
550 1334 610 1398 fuit
631 1333 845 1398 Themistdcli.
890 1333 1002 1417 Itaque

101 1455 173 1498 cum
195 1455 234 1498 ec
259 1435 299 1499 de
322 1436 500 1524 principatu
516 1436 697 1501 contendit:
719 1457 857 1522 namque
879 1436 1002 1501 obtrec-

99 1543 206 1602 tarunt
241 1538 325 1603 inter
361 1561 406 1604 se.
458 1540 498 1604 In
531 1541 580 1605 his
611 1547 719 1605 autem
749 1541 912 1624 cognitum
945 1545 1003 1623 est,

100 1648 217 1727 quanto
242 1649 416 1709 antestaret
432 1645 615 1731 eloquentia
634 1646 845 1709 innocentiae.
884 1643 1002 1717 Quam·

99 1767 194 1831 quam
218 1748 304 1812 enim
326 1747 408 1812 adeo
427 1748 608 1813 excellebat
622 1747 780 1812 Aristides
803 1747 1003 1830 abstinentia,

98 1856 135 1913 ut
156 1871 237 1914 unus
256 1857 330 1936 post
344 1851 511 1916 hominum
533 1852 731 1934 memoriam,
755 1873 851 1936 quem
873 1850 1003 1936 quidem

98 1972 158 2016 nos
182 1952 385 2035 audierimus,
409 1957 600 2038 cognomine
622 1956 730 2020 Iustus
753 1957 793 2018 sit
815 1955 1003 2039 appellatus,

98 2061 208 2119 tamen
238 2077 258 2118 a
285 2055 501 2121 Themistocle
536 2058 762 2122 collabefactus
798 2058 916 2121 testula
949 2056 1004 2120 illa

99 2161 212 2224 exsilic
231 2160 345 2225 decem
360 2181 517 2225 annorum
533 2162 684 2225 multatus
700 2166 758 2224 est.
798 2159 859 2232 Qui
875 2157 1004 2243 quidem
1032 2177 1045 2214 3

99 2283 171 2327 cum
193 2264 397 2347 intellegeret
411 2264 543 2350 reprimi
559 2265 749 2328 concitatam
766 2260 1004 2326 multitudinem

98 2387 162 2430 non
197 2387 292 2452 posse
326 2367 506 2452 cedensque
538 2366 816 2431 animadvertisset
844 2364 1004 2451 quendam

98 2470 300 2554 scribentem,
328 2476 363 2535 ut
385 2473 488 2555 patria
509 2470 694 2556 pelleretur,
718 2470 878 2555 quaesisse
901 2468 941 2532 ab
964 2489 1003 2534 eo

99 2574 223 2656 dicitur,
247 2595 344 2660 quare
369 2574 402 2637 id
424 2574 546 2639 faceret
567 2581 623 2639 aut
643 2574 719 2661 quid
734 2573 893 2638 Aristides
917 2594 1003 2638 ccm-

98 2679 245 2760 misisset,
268 2700 323 2743 cur
345 2683 435 2741 tanta
455 2699 562 2764 poena
585 2678 699 2761 dignm
723 2678 902 2742 duceretur.
944 2676 1003 2741 Oui
1030 2695 1043 2733 4

98 2780 152 2843 ille
168 2781 333 2864 respondit
356 2801 390 2844 se
413 2782 561 2865 ignorare
576 2779 753 2861 Aristiden,
776 2780 834 2844 sed
857 2780 917 2844 sibi
938 2799 1004 2843 non

97 2882 234 2967 placere,
267 2883 353 2966 quod
376 2889 442 2947 tam
464 2885 579 2969 cupide
603 2885 795 2967 laborasset,
817 2890 853 2948 ut
875 2888 1004 2969 praeter

98 2989 223 3049 ceteros
245 2985 352 3050 Iustus
375 2988 600 3072 appellaretur.
639 2989 702 3053 Hie
721 2988 833 3053 decem
849 3007 1003 3052 annorum
1028 3003 1041 3041 ⁵

97 3090 274 3174 legitimam
297 3110 436 3175 poenam
455 3113 521 3156 non
542 3093 683 3177 pertulit.
728 3092 811 3156 Nam
834 3097 1003 3177 postquam

98 3192 226 3257 Xerxes
253 3193 286 3255 in
302 3191 478 3257 Graeciam
503 3195 684 3277 descendit,
714 3200 805 3260 sexto
829 3193 896 3259 fere
920 3214 1002 3257 anno

98 3318 192 3383 quam
224 3303 293 3362 erat
325 3299 476 3382 expulsus
504 3300 716 3385 populiscitu
739 3300 771 3361 in
794 3299 930 3383 patriam
952 3318 1003 3362 re-

97 3402 224 3464 stitutus
248 3406 305 3465 est.
