2400 3848
447 231 515 270 xxv.
534 229 663 272 arrrcns.
682 230 714 270 aa
980 234 1034 292 149

129 381 237 440 tentus
261 377 372 441 ordine
395 378 546 462 equestri,
569 400 632 463 quo
657 385 726 445 erat
749 385 845 462 ortus,
867 381 901 444 in
924 379 1037 444 adfini·

129 485 230 544 tatem
251 483 399 565 pervenit
419 483 639 567 imperatoris,
668 483 745 547 Divi
772 483 844 565 filii,
873 504 945 547 cum
974 484 1037 547 iam

130 587 205 647 anta
236 583 486 649 familiaritatem
518 586 585 651 eius
617 592 703 651 esset
734 592 923 651 consecutus
951 587 1039 651 nulla

130 686 250 751 aliare
273 707 368 772 quam
385 689 546 772 elegantia
558 691 653 772 vitae,
678 712 740 776 qua
763 685 887 756 ceteros
910 697 1039 776 ceperat

130 789 290 874 principes
301 791 435 855 civitatis
447 792 601 876 dignitate
612 795 691 878 pari,
705 795 834 858 fortuna
841 795 1038 860 humiliores.

130 893 235 957 Tanta
265 895 350 959 anim
372 900 568 982 prosperitas
592 897 763 963 Caesarem
786 903 836 963 est
858 904 1073 982 consecutas

132 1001 168 1061 ut
189 997 269 1061 nihil
291 999 322 1062 ei
343 1018 408 1062 non
434 999 581 1064 tribuerit
602 999 745 1082 fortuna,
777 999 863 1085 quod
893 1002 1039 1086 cuiquam

132 1104 208 1164 ante
232 1099 407 1183 detulerat,
431 1107 465 1166 et
487 1103 678 1185 conciliarit,
706 1103 795 1187 quod
816 1124 911 1167 nemo
936 1104 1040 1168 adhuc

132 1205 210 1269 civis
232 1203 398 1268 Romanus
421 1205 522 1289 quivit
544 1207 706 1290 consequi.
750 1207 836 1270 Nata
861 1213 910 1271 est
932 1212 1073 1276 autema

132 1307 242 1372 Attico
274 1308 379 1392 neptis
412 1329 455 1372 ex
485 1307 646 1395 Agrippa,
679 1311 730 1375 oui
757 1311 915 1395 virginem
942 1311 1041 1375 filiam

132 1411 317 1475 collocarat.
349 1410 443 1474 Hanc
461 1410 579 1476 Caesar
600 1413 656 1476 vix
679 1413 858 1478 anniculam
879 1413 927 1477 Ti.
945 1413 1040 1478 Clau·

134 1513 188 1578 dio
198 1513 330 1595 Neroni,
347 1513 489 1577 Drusilla
503 1519 589 1597 nato,
605 1515 751 1598 privigno
767 1536 836 1598 suo,
854 1515 1040 1602 despondit:

134 1638 216 1702 quaa
254 1618 433 1682 coniunctio
472 1619 741 1685 necessitudinem
777 1641 890 1685 eorum
926 1621 1041 1703 sanxit,

134 1722 383 1787 familiaritatem
404 1721 547 1786 reddidit
568 1723 827 1808 frequentiorem.

200 1825 276 1890 XX.
309 1826 508 1911 Quamquam
529 1827 557 1890 is
579 1833 653 1892 ante
676 1829 755 1892 haec
778 1828 954 1912 sponsalia,
976 1849 1043 1892 non
1062 1856 1074 1896 1

135 1929 241 1994 solum
264 1950 337 1994 cum
355 1930 394 1994 ab
410 1930 489 1995 urbe
506 1931 643 2011 abesset,
666 1952 839 2016 numquam
855 1931 897 1995 ad
912 1952 1042 1995 suorum

139 2051 332 2116 quemquam
341 2031 465 2094 litteras
474 2031 571 2113 misit,
579 2030 654 2115 quin
665 2028 774 2094 Attico
785 2030 956 2112 nuntiaret,
966 2028 1042 2113 quid

135 2144 258 2223 ageret,
279 2136 312 2200 in
334 2135 444 2222 primis
467 2134 544 2219 quid
563 2135 688 2217 legeret
709 2132 885 2217 quibusque
907 2130 941 2193 in
962 2130 1041 2193 loeis

136 2247 171 2306 et
201 2261 297 2325 quam
320 2237 375 2302 diu
404 2243 489 2302 esset
520 2241 718 2317 moraturus,
751 2234 810 2299 sed
840 2235 937 2297 etiam
968 2253 1074 2299 cuma

137 2349 223 2410 esset
237 2345 271 2407 in
284 2342 363 2407 urbe
379 2346 412 2406 et
426 2346 558 2425 propter
573 2340 710 2403 infinitas
728 2361 801 2403 suas
817 2338 1042 2422 occupationes

137 2448 241 2512 minus
263 2467 359 2530 saepe
382 2465 477 2529 quam
497 2445 597 2509 vellet
614 2442 722 2508 Attico
747 2444 914 2526 frueretur,
936 2441 1042 2505 nullus

139 2551 208 2616 dies
222 2555 345 2613 temere
360 2547 550 2628 intercessit,
573 2567 636 2632 quo
652 2567 717 2610 non
733 2545 775 2609 ad
790 2567 864 2611 eum
879 2546 1042 2626 scriberet,

138 2673 213 2718 oum
227 2652 325 2716 modo
338 2650 460 2735 aliquid
476 2650 515 2715 de
531 2651 717 2735 antiquitate
740 2650 780 2713 ab
800 2671 840 2714 eo
856 2651 1044 2734 requireret,

140 2755 237 2822 modo
262 2754 399 2838 aliquam
429 2754 648 2837 quaestionem
679 2753 840 2837 politicam
868 2754 898 2816 ei
925 2771 1043 2836 propo·

139 2863 248 2940 neret,
279 2855 439 2919 interdum
460 2856 569 2919 iocans
592 2856 659 2921 eius
681 2856 883 2921 verbosiores
915 2856 1045 2919 eliceret

141 2960 302 3047 epistulas.
346 2958 397 3022 Ex
421 2978 482 3042 quo
507 2957 637 3040 accidit,
667 2978 739 3021 cum
762 2958 850 3022 aedis
872 2957 958 3023 Iovis
981 2956 1078 3028 Ele-3

140 3063 231 3129 retrii
252 3063 285 3125 in
301 3060 460 3144 Capitolio
484 3060 523 3123 ab
539 3059 679 3124 Romulo
700 3062 872 3124 constituta
885 3065 1044 3126 vetustate

141 3173 236 3253 atque
258 3167 380 3229 incuria
402 3165 529 3229 detecta
549 3165 786 3249 prolaberetur,
809 3171 845 3227 ut
866 3162 967 3228 Attici
989 3162 1045 3227 ad·

142 3271 265 3337 monitu
289 3268 406 3333 Caesar
429 3289 499 3331 eam
522 3266 726 3333 reficiendam
751 3272 887 3331 curaret.
931 3266 1045 3352 Neque
1067 3303 1080 3338 4

144 3394 220 3438 vero
250 3393 270 3436 a
297 3372 341 3435 M.
364 3369 507 3435 Antonio
537 3371 640 3435 minus
669 3369 784 3434 absens
813 3369 926 3433 litteris
959 3370 1045 3434 cole-
