2400 3848
479 260 537 301 XVI.
556 260 722 302 Pnuorlnss
742 260 761 300 1.

566 426 659 490 XVI.

472 568 755 642 PELOPIDAS.

129 749 140 787 1
227 722 253 786 I.
282 723 503 807 Pelopidas
526 724 756 805 Thebanus,
784 723 886 806 magis
908 721 1070 787 historicis

163 847 257 910 quam
286 828 383 910 vulgo
415 834 520 891 notus.
566 827 664 920 Cuius
693 827 733 892 de
764 826 932 891 virtutibus
956 826 1068 890 dubito

163 951 258 1015 quem
280 929 321 993 ad
342 929 474 994 modum
497 951 674 1016 exponam,
704 930 792 1015 quod
813 951 945 1011 vereor,
968 930 995 992 si
1016 950 1070 992 res

164 1035 324 1119 explicare
345 1035 510 1118 incipiam,
539 1057 579 1100 ne
608 1056 674 1099 non
695 1036 794 1098 vitam
818 1035 885 1098 eius
908 1053 1069 1112 enarrare,

163 1137 221 1200 sed
253 1138 419 1201 historiam
450 1138 561 1203 videar
596 1139 751 1203 seribere:
787 1138 814 1202 si
844 1134 1067 1200 tantummodo

162 1263 300 1305 summas
324 1243 476 1326 attigero,
510 1264 550 1307 ne
573 1243 705 1306 rudibus
730 1242 925 1306 Graecarum
947 1241 1068 1305 littera·

160 1368 233 1410 rum
254 1348 358 1412 minus
382 1347 519 1413 dilucido
543 1352 705 1433 appareat,
738 1351 872 1431 quantus
895 1345 991 1409 fuerit
1013 1343 1068 1408 ills

161 1451 219 1515 vir.
242 1451 355 1535 Itaque
368 1452 492 1536 utrique
505 1453 554 1516 rei
566 1472 740 1531 oeourram,
758 1455 910 1534 quantum
943 1454 1069 1534 potero,

163 1560 196 1618 et
216 1554 373 1617 medebor
397 1575 468 1618 eum
492 1554 632 1618 satietati
653 1560 722 1617 tum
744 1552 942 1636 ignorantiae
965 1551 1068 1614 leoto-

132 1675 242 1720 2rum.
287 1656 471 1720 Phoebidas
486 1657 772 1738 Lacedaemonius,
796 1676 867 1719 oum
891 1655 1069 1719 exereitum

163 1758 337 1844 Olynthum
370 1759 503 1825 duoeret
533 1762 656 1846 iterque
690 1781 748 1846 per
779 1760 905 1824 Thebas
937 1759 1069 1839 faceret,

162 1883 268 1927 aroem
284 1863 402 1948 oppidi,
427 1886 508 1949 quae
526 1864 668 1930 Cadmea
685 1865 876 1947 nominatur,
902 1863 1070 1947 oooupavit

117 1993 118 1997 ¹
161 1965 300 2049 impulsu
322 1987 496 2051 paucorum
518 1967 753 2050 Thebanorum,
779 1968 842 2052 qui,
866 1967 1068 2031 adversariae

162 2069 291 2133 faotioni
319 2091 381 2154 quo
405 2071 527 2136 faoilius
549 2073 750 2155 resisterent,
780 2071 944 2136 Laeonum
972 2071 1069 2136 rebus

163 2173 349 2256 studebant,
379 2174 475 2258 idque
505 2196 562 2238 suo
585 2175 728 2259 privato,
757 2195 823 2238 non
842 2175 969 2259 publioo
992 2174 1070 2238 feeit
1136 2208 1138 2215 ·

130 2303 142 2344 a
163 2278 304 2341 oonsilio.
335 2278 405 2352 Quo
422 2280 505 2342 faoto
518 2301 591 2344 eum
603 2278 852 2344 Lacedaemonii
868 2280 907 2343 ab
924 2279 1069 2343 exercitu

162 2386 368 2445 removerunt
405 2383 603 2466 pecuniaque
642 2383 833 2445 multarunt:
877 2403 982 2466 neque
1028 2403 1068 2446 eo

163 2484 264 2567 magis
286 2505 393 2547 aroem
407 2484 566 2548 Thebanis
586 2484 805 2567 reddiderunt,
828 2486 915 2570 quod
938 2507 1069 2570 suseep-

162 2587 202 2649 tis
225 2587 394 2650 inimicitiis
424 2589 520 2651 satius
545 2589 704 2652 duoebant
731 2609 786 2652 eos
811 2588 950 2652 obsideri
973 2609 1069 2673 quam

162 2690 299 2755 liberari.
344 2691 427 2754 Nam
450 2696 523 2774 post
537 2691 809 2774 Peloponnesium
832 2691 951 2755 bellum
964 2692 1067 2756 Athe·

163 2814 282 2878 nasque
321 2793 460 2859 devictas
499 2816 571 2858 oum
601 2794 761 2858 Thebanis
798 2795 858 2859 sibi
890 2816 960 2859 rem
997 2815 1069 2860 esse

164 2897 389 2962 existimabant
422 2904 456 2961 et
487 2919 543 2961 eos
574 2919 644 2962 esse
681 2900 785 2976 solos,
824 2900 878 2983 qui
915 2900 1070 2964 adversus

134 3001 312 3065 rresistere
330 3002 494 3065 auderent.
539 3001 610 3066 Hac
633 3008 740 3066 mente
764 3003 871 3066 amieis
893 3005 958 3066 suis
981 3025 1067 3067 sum-

163 3124 230 3166 mas
245 3110 421 3188 potestates
438 3105 592 3169 dederant
608 3106 800 3189 alteriusque
816 3105 962 3170 factionis
980 3108 1067 3191 prin·

164 3207 249 3290 oipes
289 3209 405 3292 partim
440 3208 684 3290 interfecerant,
730 3209 809 3271 alios
846 3209 879 3271 in
919 3209 1066 3273 exsilium

164 3310 339 3374 eieoerant:
368 3311 401 3374 in
424 3311 536 3395 quibus
558 3302 732 3397 Pelopidas
754 3313 815 3394 hio,
839 3313 879 3376 de
904 3334 965 3397 quo
989 3317 1065 3378 sori-

162 3412 239 3475 bere
265 3414 371 3476 exorsi
394 3433 511 3495 sumus,
535 3415 644 3498 pulsus
666 3417 769 3499 patria
792 3415 928 3479 carebat.
