2400 3848
446 239 505 280 xrx.
524 240 656 282 nnomou.
677 241 695 279 1.
709 243 727 282 a.
982 239 1036 295 107

133 397 222 460 tante
237 399 306 459 toto
323 395 467 460 exercitu
481 395 695 461 humaverunt
711 418 844 482 ossaque
864 397 898 460 in
913 397 1037 483 (lappa-
1071 398 1077 409 '
1135 392 1139 395 ’

135 497 260 562 dooiam
281 499 322 562 ad
344 503 479 564 matrem
495 503 590 583 atque
611 521 747 565 uxorem
769 500 950 585 liberosque
970 503 1038 565 eius

134 599 335 687 deportanda
362 608 522 665 curarunt.

539 809 632 875 XIX.
723 740 725 745 '

469 949 698 1023 PHOCION.

198 1101 224 1166 I.
254 1103 438 1169 Phooion
452 1101 723 1166 Atheniensis
748 1103 807 1166 etsi
823 1124 920 1187 saepe
944 1125 1036 1168 exer·
1059 1125 1071 1164 1

135 1207 248 1272 aitibus
284 1207 424 1293 praefuit
461 1226 665 1289 summosque
702 1206 906 1288 magistratus
943 1207 1037 1290 oepit,

132 1315 241 1375 tamen
270 1311 371 1373 multo
401 1309 469 1374 eius
497 1309 605 1372 notior
633 1309 800 1391 integritas
828 1309 913 1372 vitae
942 1329 1036 1392 quam

133 1413 181 1477 rei
210 1412 355 1476 militaris
386 1412 486 1475 labor.
531 1410 645 1495 Itaque
678 1411 772 1475 huius
804 1411 958 1474 memoria
988 1419 1037 1474 est

133 1517 236 1599 nulla,
260 1517 343 1579 illius
366 1525 473 1580 autem
495 1537 612 1598 magna
633 1515 732 1594 fama,
765 1534 807 1576 ex
830 1533 892 1597 quo
917 1533 1036 1597 eogno-

132 1621 219 1684 mine
249 1619 359 1683 Bonus
394 1624 441 1683 est
473 1619 662 1702 appellatus.
707 1617 783 1680 Fuit
812 1616 896 1679 enim
924 1635 1074 1699 perpe-a

134 1728 189 1787 tuo
212 1742 349 1807 pauper,
381 1742 453 1785 oum
477 1719 651 1784 ditissimus
674 1740 744 1784 esse
774 1726 885 1802 posset
906 1726 1037 1803 propter

132 1821 315 1906 frequentes
331 1823 455 1886 delatos
469 1822 609 1886 honores
631 1826 872 1906 potestatesque
888 1842 1037 1903 summas,

134 1946 216 2010 quae
246 1926 277 1991 ei
304 1947 322 1990 a
353 1926 473 2010 populo
506 1926 671 1990 dabantur.
716 1925 780 1988 Hie
809 1946 880 1989 oum
913 1946 1073 2008 areges

133 2028 283 2114 Philippo
321 2049 454 2093 munera
490 2050 625 2113 magnae
661 2027 817 2111 pecuniae
853 2026 1037 2110 repudiaret

132 2131 295 2217 legatique
315 2132 530 2212 hortarentur,
554 2137 590 2195 ut
611 2132 780 2214 aooiperet,
803 2130 959 2212 simulque
982 2130 1038 2192 ad-

131 2240 320 2316 monerent,
362 2235 388 2298 si
428 2234 497 2318 ipse
534 2234 572 2296 iis
612 2234 705 2296 facile
744 2237 887 2312 sereret,
928 2231 1037 2295 liberis

131 2341 239 2400 tamen
276 2338 340 2401 suis
377 2337 593 2421 prospiceret,
635 2337 748 2420 quibus
786 2336 913 2400 diffiolle
951 2342 1037 2400 esset

131 2435 164 2502 in
201 2459 322 2502 summa
358 2444 546 2523 paupertate
590 2443 712 2502 tantam
753 2443 919 2522 paternam
954 2440 1037 2502 tueri

131 2540 284 2624 gloriam,
316 2541 365 2604 his
395 2542 449 2604 ille
487 2543 523 2624 ,si
556 2542 621 2605 mei
654 2541 772 2605 similes
806 2546 914 2623 erunt,
949 2541 1036 2606 idem
1057 2579 1089 2620 4¹

131 2640 194 2706 hio‘
223 2643 326 2727 inquit
355 2644 487 2726 ,agellus
516 2644 588 2707 illos
612 2645 691 2726 alet,
724 2645 776 2729 qui
805 2665 855 2708 me
886 2643 927 2707 ad
954 2644 1035 2707 hano

133 2746 320 2831 dignitatem
348 2747 515 2831 perduxit:
548 2749 596 2811 sin
626 2748 794 2812 dissimiles
824 2754 897 2812 sunt
927 2748 1033 2830 futuri,

130 2850 206 2913 nolo
239 2850 320 2913 meis
350 2851 502 2934 impensis
537 2852 666 2915 illorum
703 2851 745 2914 ali
781 2851 953 2935 augerique
984 2851 1032 2913 lu·

130 2949 278 3015 xuriam.‘

194 3055 239 3119 ΙΙ.
269 3055 361 3119 Idem
385 3077 456 3119 eum
478 3077 578 3140 prope
603 3056 642 3119 ad
666 3078 784 3120 annum
802 3057 1032 3140 octogesimum
1056 3091 1068 3126 1

128 3179 284 3244 prospera
298 3161 496 3242 pervenisset
510 3159 647 3241 fortuna,
671 3160 822 3222 extremis
836 3160 1032 3243 temporibus

129 3281 282 3345 magnum
311 3261 343 3323 in
368 3260 476 3323 odium
507 3263 596 3325 venit
618 3283 749 3325 suorum
770 3263 900 3343 civium,
929 3264 1030 3346 primo
1054 3295 1078 3332 2>

129 3364 217 3450 quod
241 3385 311 3426 oum
334 3363 481 3427 Demade
513 3364 552 3428 de
581 3365 660 3427 mbo
683 3363 840 3427 tradenda
860 3363 1031 3447 Antipatro
