2400 3848
403 167 465 206 vm.
486 165 702 206 rflunsrnunus.
723 167 742 205 Ἄ.
987 171 1024 228 43

120 313 271 379 servitute
301 335 469 399 oppressas
498 318 647 379 tenerent
675 313 837 399 Athenas,
871 317 1026 401 plurimos

121 411 236 500 cives,
255 419 367 503 quibus
396 419 430 481 in
459 418 545 482 bello
568 424 713 502 parserat
735 418 879 501 fortuna,
910 421 1026 504 partim

119 523 222 605 patria
255 522 452 606 expulissent
485 522 601 606 partim
637 520 890 604 interfecissent,
926 523 1025 606 pluri·

119 644 246 687 morum
273 624 361 688 bona
381 625 543 708 publicata
564 625 648 688 inter
677 645 711 688 se
736 623 931 707 divisissent,
960 645 1026 688 non

120 726 224 789 solum
252 728 415 811 princeps,
446 727 504 792 sed
536 729 633 791 etiarn
665 726 752 791 solus
782 727 872 792 initio
904 729 1025 792 bellum

120 829 158 891 iis
180 829 304 894 indixit.
735 837 736 840 ’

184 931 229 996 Π,
259 933 323 996 Hie
346 935 431 998 enim
455 956 527 998 curn
549 935 676 1016 Phylen
698 935 908 1018 confugisset,
938 935 1059 1021 quod1

122 1041 170 1098 est
192 1037 356 1101 castellum
385 1039 418 1101 in
439 1038 549 1101 Attica
570 1038 832 1121 munitissimum,
861 1060 926 1103 non
954 1039 1026 1123 plus

28 1168 31 1174 ·
120 1140 231 1203 habuit
253 1161 361 1204 secum
382 1141 513 1224 triginta
544 1139 582 1204 de
606 1142 681 1204 suis.
725 1141 800 1206 Hoc
822 1143 946 1204 initium
967 1143 1027 1206 fuit

121 1245 231 1308 salutis
246 1243 452 1325 Actaeorum,
474 1244 535 1306 hoc
551 1244 649 1307 robur
662 1243 817 1308 libertatis
834 1245 1026 1309 clarissimae

122 1347 267 1410 civitatis.
311 1346 425 1431 Neque
459 1368 536 1410 vero
568 1347 619 1410 hic
647 1367 713 1409 non
744 1352 946 1431 contemptus
978 1354 1061 1418 ests

121 1453 223 1534 primo
249 1472 268 1513 a
288 1452 431 1535 tyrannis
454 1456 549 1535 atque
573 1452 641 1514 eius
657 1451 806 1513 solitudo.
844 1450 933 1523 Quae
957 1451 1026 1535 qui-

124 1554 197 1619 dem
218 1576 270 1618 res
294 1560 327 1618 et
350 1555 626 1619 contemnentibus
642 1555 794 1639 perniciei
817 1560 850 1619 et
874 1554 1025 1639 despecto

122 1660 216 1722 saluti
251 1660 325 1722 fuit:
358 1660 439 1724 haec
473 1659 558 1723 enim
592 1659 665 1722 illos
697 1679 813 1741 segnes
844 1657 886 1721 ad
916 1679 1026 1742 perse·

123 1763 301 1847 quendum,
325 1762 384 1825 hos
407 1769 514 1828 autem
536 1769 683 1847 tempore
714 1762 755 1825 ad
779 1763 1027 1846 comparandum
1054 1808 1056 1812 -

124 1867 198 1929 dato
230 1866 306 1929 fecit
336 1866 543 1930 robustiores.
590 1867 660 1941 Quo
690 1867 792 1949 magis
820 1873 1064 1950 praeceptum3

123 1968 204 2031 illud
238 1970 380 2031 omnium
410 1972 444 2032 in
476 1970 588 2032 animis
622 1990 691 2032 esse
731 1969 844 2033 debet:
881 1970 961 2034 nihil
999 1973 1031 2034 in

123 2070 210 2133 bello
245 2076 393 2154 oportere
424 2072 584 2134 contemni
615 2091 719 2153 neque
750 2073 818 2134 sine
842 2093 938 2135 cansa
969 2072 1032 2137 dici

125 2178 261 2236 matrem
290 2172 395 2236 timidi
422 2175 499 2238 flere
528 2195 594 2237 non
626 2174 740 2239 solere.
785 2175 899 2256 Neque
923 2182 1065 2248 temoni

123 2296 181 2357 pro
208 2276 356 2358 opinione
380 2277 570 2359 Thrasybuli
593 2282 704 2339 auctae
734 2282 807 2340 sunt
831 2298 925 2363 opes:
957 2301 1031 2343 nam

122 2380 187 2443 iarn
217 2379 279 2442 illis
309 2380 507 2463 temporibus
542 2379 654 2442 fortius
685 2379 762 2443 honi
792 2401 851 2462 pro
883 2381 1029 2447 libertate

123 2484 337 2569 loquebantur
361 2506 456 2566 qnam
477 2485 671 2568 pugnabant.
715 2485 801 2549 Hinc
827 2487 860 2549 in
881 2487 1031 2552 Piraeum
1054 2525 1066 2562 5

124 2588 248 2652 transiit
264 2587 533 2672 Munychiamque
556 2588 700 2652 munivit.
734 2588 828 2651 Hanc
843 2589 891 2652 bis
906 2590 1032 2674 tyranni

127 2713 312 2776 oppugnare
336 2698 409 2755 sunt
431 2692 536 2756 adorti
566 2693 604 2755 ab
629 2713 730 2772 eaque
753 2693 888 2772 turpiter
911 2693 1031 2777 repulsi

125 2797 270 2874 protinus
292 2797 325 2859 in
338 2796 451 2860 urbem
475 2797 569 2860 armis
592 2795 892 2880 impedimentisque
908 2797 1031 2861 amissis

125 2897 322 2981 refugenmt.
367 2899 452 2962 Usus
489 2904 538 2963 est
573 2899 788 2990 Thrasybulus
825 2920 888 2961 non
926 2899 1065 2971 minuse

125 2999 296 3081 prudentia
311 3023 405 3087 quarn
420 3001 615 3066 fortitudine.
652 3002 736 3066 Nam
751 3001 1032 3066 cedentcs‘violari

125 3105 228 3168 vetuit
258 3104 356 3184 (cives
387 3106 471 3170 enim
499 3106 618 3169 civibus
641 3125 772 3184 parcere
796 3124 932 3186 aequum
955 3125 1030 3169 cen·

127 3207 230 3289 sehet)
260 3229 365 3292 neque
395 3209 560 3288 quisquam
592 3212 641 3272 est
671 3206 855 3270 vulneratus
885 3209 944 3271 nisi
976 3209 1031 3292 qui

51 3385 56 3401 Ι
126 3311 214 3389 prior
236 3311 423 3391 impugnare
439 3311 549 3375 uoluit.
582 3310 753 3375 Neminem
768 3309 926 3374 iacentem
940 3317 1030 3376 veste
