2400 3848
434 244 516 285 xxm.
535 245 693 284 HANNIBAL.
713 245 732 285 ὓ.
995 249 1050 305 123

144 393 232 457 nullo
264 393 443 457 resistente.
488 393 527 457 ln
557 394 745 478 propinquis
781 393 853 457 urbi
889 393 1050 457 montibus

143 501 285 559 moratus
315 502 373 560 est.
420 495 503 560 Cum
534 497 657 581 aliquot
686 497 731 560 ibi
763 495 831 560 dies
864 501 966 560 castra
995 497 1051 559 ha-

143 598 265 663 buisset
287 604 320 664 et
344 600 487 684 Capuam
509 605 735 681 reverteretur,
759 599 796 672 Q.
813 600 931 662 Fabius
946 599 1050 663 Maxi·

143 725 229 785 mus,
259 703 395 766 dictator
417 703 599 785 Romanus,
627 703 661 767 in
692 724 769 786 agro
793 702 931 767 Falerno
962 703 1049 766 eise

145 807 271 871 obiecit.
308 807 373 871 Hic
396 809 520 871 clausus
535 808 681 871 locorum
696 807 848 889 angustiis
869 811 968 869 noctu
982 807 1049 870 sine
1073 835 1085 873 n

143 908 209 973 ullo
234 909 427 974 detrimento
452 911 612 974 exercitus
634 932 668 973 se
692 909 858 994 expedivit
873 909 1049 994 Fabioque,

143 1011 346 1076 callidissimo
384 1013 586 1097 imperatori,
625 1012 715 1077 dedit
750 1013 858 1076 verba.
903 1013 1049 1098 Namque
1077 1021 1092 1067 l

144 1114 283 1178 obducta
310 1120 405 1179 nocte
435 1121 596 1178 sarmenta
617 1116 651 1178 in
673 1115 820 1178 cornibus
842 1115 1050 1178 iuvencorum
1160 1195 1161 1198 Ἴ

144 1217 284 1301 deligata
314 1217 457 1282 incendit
488 1218 619 1302 eiusque
652 1218 779 1301 generis
811 1216 1049 1281 multitudinem

142 1341 291 1405 magnam
315 1322 504 1405 dispalatam
524 1322 664 1386 immisit.
703 1321 774 1395 Quo
798 1321 966 1405 repentino
991 1322 1048 1385 ob-

142 1425 226 1489 iecto
249 1425 320 1489 visu
342 1431 465 1489 tantum
488 1431 644 1490 terrorem
669 1427 779 1490 iniecit
803 1426 959 1490 exercitui
980 1425 1048 1489 Ro·

142 1549 318 1611 manorum,
341 1534 377 1591 ut
400 1529 512 1611 egredi
528 1535 620 1593 extra
635 1530 754 1594 vallum
768 1549 863 1593 nemo
888 1529 928 1592 sit
942 1549 1047 1592 ausus.

140 1630 235 1696 Hanc
265 1637 340 1717 post
370 1653 440 1697 rem
471 1639 596 1716 gestam
626 1655 692 1698 non
722 1635 767 1697 ita
797 1634 905 1697 multis
937 1633 1084 1703 diebusa

79 1770 85 1777 ,
140 1734 185 1799 Μ.
208 1734 384 1799 Minucium
414 1735 551 1819 Rufum,
585 1738 774 1820 magistrum
805 1737 949 1821 equitum
980 1735 1049 1820 pari

141 1859 178 1902 ac
202 1837 391 1902 dictatorem
414 1840 559 1923 imperio,
583 1839 657 1902 dolo
681 1840 874 1924 productum
898 1840 930 1903 in
952 1861 1047 1925 proe-

10 1992 15 2009 .
140 1941 219 2004 lium
240 1941 371 2025 fugavit.
404 1942 457 2006 Ti.
474 1943 700 2027 Sempronium
726 1943 906 2006 Gracchum
932 1943 1048 2006 iterum

140 2044 306 2109 consulem
327 2045 361 2107 in
375 2045 513 2110 Lucanis
539 2047 653 2110 absens
675 2047 709 2109 in
731 2046 860 2109 insidias
884 2045 1049 2110 inductum

140 2149 275 2212 sustulit.
310 2149 355 2212 M.
373 2149 543 2213 Claudium
568 2150 757 2213 Marcellum
779 2149 948 2234 quinquies
971 2170 1049 2212 con·¹

141 2253 244 2316 sulem
287 2252 373 2336 apud
409 2251 585 2316 Venusiam
623 2253 693 2338 pari
734 2251 832 2316 modo
877 2252 1046 2316 interfecit.

139 2353 290 2439 Longum
322 2361 371 2419 est
403 2358 510 2419 omnia
541 2377 729 2420 enumerare
761 2355 894 2441 proelia.
941 2354 1082 2427 Querar

74 2541 78 2548 .
139 2459 201 2523 hoc
232 2481 332 2523 unum
362 2462 437 2523 satis
470 2461 530 2525 erit
562 2461 697 2543 dictum,
733 2481 776 2524 ex
807 2479 869 2544 quo
902 2459 1047 2547 intellegi

139 2564 256 2646 possit,
289 2568 423 2647 quantus
451 2564 506 2629 ille
535 2563 647 2628 luerit:
680 2585 775 2648 quam
807 2562 861 2625 diu
892 2562 924 2624 in
953 2561 1047 2625 ltalia

139 2665 207 2746 fuit,
230 2686 326 2729 nemo
351 2666 382 2730 ei
403 2666 437 2729 in
458 2666 526 2731 acie
541 2667 667 2749 rest'tit,
690 2686 785 2730 nemo
803 2664 955 2728 adversus
972 2685 1046 2728 eum

138 2774 213 2853 post
236 2769 438 2833 Cannensem
460 2791 601 2854 pugnam
623 2771 656 2834 in
679 2789 791 2854 campo
812 2773 914 2831 castra
928 2767 1044 2850 posuit.

202 2871 261 2936 VI.
290 2873 376 2937 Hinc
391 2874 527 2937 invictus
542 2874 678 2959 patriam
694 2872 860 2936 defensum
875 2874 1044 2933 revocatus
1066 2898 1075 2937 1

138 2974 259 3038 bellum
280 2975 380 3058 gessit
402 2974 555 3039 adversus
578 2976 614 3040 P.
637 2976 830 3059 Scipionem,
852 2973 952 3036 filium
975 2972 1043 3035 eius

139 3076 311 3162 Scipionis,
349 3098 445 3161 quem
480 3079 548 3163 ipse
587 3079 689 3163 primo
722 3076 808 3161 apud
838 3074 1043 3158 Rhodanum,

138 3179 253 3243 iterum
270 3179 355 3264 apud
369 3179 503 3263 Padum,
526 3183 620 3244 tertio
639 3179 725 3264 apud
740 3178 889 3243 Trebiam
906 3178 1041 3261 fugarat.

140 3282 222 3346 (lum
250 3282 312 3345 hoc
342 3282 504 3347 exhaustis
527 3285 591 3347 iam
619 3283 740 3367 patriae
763 3281 964 3345 facultatibus
987 3302 1041 3344 ou·
1064 3314 1077 3352 2

137 3385 217 3469 pivit
247 3385 543 3469 impraesentiarum
576 3385 697 3449 bellum
728 3405 940 3469 componere,
978 3405 1041 3468 quo
