2400 3848
462 232 480 271 1.
500 232 666 273 1111111111.
687 234 705 274 e.
1017 238 1033 294 γ

20 413 22 417 ’
128 383 263 468 utplus
292 404 386 467 quam
415 383 560 467 collegae
588 384 749 449 Miltiades
781 386 912 452 valeret.
957 386 1035 451 Eius

130 510 207 573 ergo
237 487 424 551 auctoritate
454 487 582 571 impulsi
610 486 827 554 Athenienses
856 490 963 574 copias
992 511 1035 554 ex

128 592 207 656 urbe
240 590 421 656 eduxerunt
448 590 585 674 locoque
608 589 726 656 idoneo
750 598 853 656 castra
880 592 1033 657 fecerunt.
1152 650 1167 662 2

128 695 215 759 Dein
250 700 380 780 postero
422 693 474 758 die
512 694 570 758 sub
610 696 737 790 mont-is,
769 696 929 761 radicibus
966 666 1180 803 1111Ψῷ1111

128 801 281 865 instructa
301 786 590 887 nonssapcrtissima
620 789 1031 885 (namque'⁷arbores''mul·
1080 795 1095 820 ³²

129 904 168 967 111
191 904 270 968 locis
293 913 383 971 erant
400 906 506 988 rarae)
526 906 684 990 proelium
708 906 946 989 commiserunt,
968 907 1032 969 hoc

130 1007 280 1091 consilio,
317 1015 354 1073 ut
386 1016 419 1074 et
450 1010 608 1075 montium
642 1010 810 1075 altitudine
844 1015 1033 1093 tegerentur

126 1121 159 1180 et
181 1115 330 1178 arborum
352 1119 456 1178 tractu
471 1114 630 1199 equitatus
649 1115 789 1179 hostium
810 1116 1030 1202 impediretur,

125 1240 167 1284 ne
202 1218 404 1283 multitudine
438 1218 672 1283 clauderentur.
723 1219 832 1302 Datis,
870 1221 931 1284 etsi
965 1242 1065 1286 noni

126 1344 263 1409 aequum
278 1324 385 1387 locum
399 1322 530 1386 videbat
548 1323 622 1403 suis,
644 1328 753 1386 tamen
774 1321 874 1385 fretus
895 1343 1031 1390 numero

126 1429 289 1513 copiarum
311 1448 439 1490 suarum
462 1426 634 1509 confligere
666 1425 814 1510 cupiebat
835 1446 940 1510 eoque
962 1448 1030 1492 ms·

35 1537 38 1542 ’
124 1533 184 1616 gis,
207 1531 303 1617 quod,
334 1531 518 1615 priusquam
540 1528 789 1594 Lacedaemonii
810 1529 951 1593 subsidio
973 1551 1030 1596 ue·

124 1635 248 1718 nirent,
287 1633 437 1697 dimicare
469 1633 548 1697 utile
582 1632 803 1697 arbitrabatur.
847 1631 961 1718 Itaque
997 1632 1032 1696 in

125 1739 226 1802 aciem
242 1737 386 1821 peditum
401 1741 540 1817 centum,
563 1736 706 1820 equitum
722 1734 835 1800 decem
850 1737 938 1800 milia
955 1757 1029 1820 pro·

126 1841 217 1905 duxit
238 1841 458 1925 proeliumque
482 1839 649 1903 commisit.
693 1837 733 1902 In
761 1860 824 1924 quo
847 1844 936 1903 tanto
959 1840 1065 1924 plusc

124 1944 241 2007 virtute
270 1943 438 2007 valuerunt
466 1941 697 2022 Athenienses,
733 1948 769 2006 ut
801 1941 1030 2026 decemplicem

124 2065 292 2110 numerum
322 2045 462 2108 hostium
498 2045 697 2129 profligarint
728 2043 875 2129 adeoque
905 2051 1030 2130 perter-

123 2150 255 2229 ruerint,
277 2155 314 2212 ut
327 2149 447 2213 Persae
467 2170 534 2213 non
549 2154 660 2229 castra,
683 2147 742 2212 sed
756 2168 854 2212 naves
869 2148 1029 2232 petierint.

125 2254 197 2328 Qua
224 2275 333 2338 pugna
363 2253 442 2317 nihil
470 2252 575 2317 adhuc
604 2251 726 2317 exstitit
756 2250 912 2315 nobilius:
944 2253 1032 2317 nulla

123 2357 209 2420 enim
239 2375 391 2440 umquam
421 2361 488 2418 tam
519 2355 637 2438 exigua
667 2373 780 2417 manus
812 2359 917 2418 tantas
953 2374 1030 2440 opes

122 2460 303 2544 prostravit.
355 2489 360 2501 r

186 2562 245 2628 VI.
271 2562 369 2627 Cuius
379 2562 532 2627 victoriae
547 2582 614 2626 non
629 2561 769 2626 alienum
781 2560 919 2644 videtm,
935 2561 1029 2646 quale
1052 2587 1064 2626 1

122 2667 299 2751 praemium
320 2663 458 2731 Miltiadi
478 2667 519 2730 sit
540 2666 703 2748 tributum,
732 2666 867 2748 docere,
898 2686 960 2750 quo
982 2665 1048 2729 fan

122 2770 212 2834 cilius
237 2770 383 2853 intellegi
411 2771 514 2855 possit
536 2769 673 2834 eandem
702 2768 844 2833 omnium
866 2768 1029 2832 civitatum

123 2893 193 2936 esse
214 2879 370 2937 naturam.
415 2872 460 2937 Ut
488 2873 574 2936 eninr
594 2872 707 2958 populi
728 2871 867 2936 Romani
888 2871 1029 2936 honores
1051 2893 1063 2931 r
1156 2954 1160 2959 Ι

122 2975 283 3059 quondam
305 2977 433 3040 fuerunt
454 2977 518 3040 rari
539 2982 573 3041 et
593 2982 707 3041 tenues
731 2976 772 3040 ob
795 2995 930 3060 eamque
954 2995 1028 3038 cau-

122 3098 190 3140 sam
217 3078 367 3160 gloriosi,
395 3099 479 3143 nunc
508 3085 616 3143 sutem
645 3077 739 3142 effusi
762 3084 857 3162 atque
881 3078 1027 3158 obsoleti,

121 3181 166 3245 sic
182 3181 258 3245 olim
274 3181 359 3265 apud
369 3181 585 3247 Athenienses
600 3182 697 3246 luisse
711 3181 898 3266 reperimus.
928 3181 1027 3245 Nam·
1049 3208 1062 3247 s

121 3303 183 3368 que
212 3283 286 3347 huic
312 3284 465 3368 Miltiadi,
494 3287 549 3371 qui
570 3285 715 3351 Athenas
737 3290 902 3369 totamque
926 3284 1027 3349 Grae·

121 3387 202 3450 ciam
217 3387 377 3466 liberarat,
400 3388 472 3450 talis
487 3389 591 3452 honos
606 3389 742 3452 tributus
759 3392 821 3469 est,
839 3387 873 3450 in
891 3387 1026 3471 porticu,
