2400 3848
407 248 453 288 XV.
472 247 687 287 EPAMINONDAS·
708 250 726 287 4.
983 247 1018 302 77
1077 262 1080 267 -

115 397 230 479 dicere,
255 399 415 463 studiosus
432 399 599 463 audiendi:
624 421 666 464 ex
683 398 745 462 hoc
764 397 850 460 enim
872 396 1019 461 facillime

115 503 193 568 disci
216 504 434 569 arbitrabatur.
479 505 593 590 Itaque
617 526 690 568 cum
718 504 751 567 in
781 502 933 566 circulum
963 523 1053 565 ve·a

113 606 221 689 nisset,
244 609 362 693 inquo
387 615 441 673 aut
464 609 504 673 de
527 631 561 673 re
584 609 712 693 publica
729 606 944 691 disputaretur
966 610 1020 667 aut

114 707 155 772 de
177 709 380 795 philosophia
402 733 506 776 sermo
531 712 718 793 haberetur,
749 730 922 794 numquam
944 709 1018 773 inde

112 811 199 895 prius
229 811 373 878 discessit
401 836 497 899 quam
525 815 565 878 ad
594 816 691 878 finem
719 834 824 880 sermo
849 817 934 876 esset
962 811 1017 875 ad·

113 915 236 979 ductus.
280 917 509 1002 Paupertatem
539 912 626 982 adeo
652 918 743 982 facile
766 937 937 1002 perpessus
961 921 1051 997 est,r

111 1025 147 1081 ut
178 1019 218 1083 de
249 1041 284 1084 re
313 1020 442 1104 publica
463 1021 543 1084 nihil
563 1027 692 1106 praeter
720 1021 856 1104 gloriam
888 1018 1017 1104 ceperit.

114 1124 301 1189 Amicorum
322 1127 355 1190 iu
372 1148 408 1190 se
424 1127 545 1190 tuendo
565 1129 666 1192 caruit
679 1129 893 1210 facultatibus,
917 1128 1020 1192 isdem

111 1233 153 1296 ad
176 1235 254 1297 alios
278 1235 491 1300 sublevandos
515 1259 610 1322 saepe
634 1239 678 1301 sic
700 1258 775 1301 usus
798 1243 856 1318 est,
879 1242 914 1299 ut
935 1236 1017 1299 iudi-

111 1339 177 1402 cari
198 1341 300 1423 possit
315 1341 422 1404 omnia
445 1343 475 1406 ei
498 1363 571 1406 curn
586 1342 694 1405 amicis
709 1341 806 1405 fuisse
828 1341 1017 1404 communia.

110 1441 195 1506 Nam
217 1464 289 1506 eum
309 1451 362 1508 aut
386 1446 502 1510 civium
523 1467 654 1510 suorum
676 1447 789 1530 aliquis
812 1445 851 1509 ab
873 1445 1017 1510 hostibus
1040 1463 1051 1500 1

111 1552 196 1610 esset
218 1554 328 1632 eaptus
350 1555 404 1612 aut
425 1550 516 1632 virgo
534 1551 626 1613 amici
641 1551 766 1633 nubilis,
790 1571 871 1634 quae
886 1555 1017 1635 propter

109 1657 333 1735 paupertatem
349 1654 500 1717 collocari
522 1675 584 1718 non
602 1660 721 1739 posset,
744 1655 920 1718 amicorum
941 1675 1016 1718 con-

110 1755 218 1818 cilium
239 1755 379 1819 habebat
402 1763 449 1839 01,
481 1763 634 1841 quantum
663 1759 796 1842 quisque
821 1757 927 1839 daret,
956 1778 1015 1842 pro

109 1857 310 1921 facultatibus
345 1859 532 1943 imperabat.
578 1859 722 1945 Eamque
754 1883 911 1924 summam
944 1882 1050 1926 cumr

108 1959 245 2044 fecerat,
276 1962 456 2026 adducebat
487 1985 577 2046 eum,
608 1965 661 2048 qui
688 1966 880 2049 quaerebat,
912 1966 1014 2049 prius-

109 2086 204 2148 quam
226 2067 386 2150 aociperet
408 2068 593 2150 pecuniam,
618 2068 658 2130 ad
689 2089 760 2151 eos,
793 2068 846 2153 qui
870 2068 1014 2133 confere-

107 2168 193 2251 bant,
219 2169 311 2253 eique
335 2175 371 2232 ut
393 2170 454 2253 ipsi
477 2177 698 2255 numerarent,
721 2172 867 2255 faciebat,
891 2179 927 2235 ut
949 2174 1014 2257 ille,

108 2270 149 2333 ad
181 2293 277 2355 quem
308 2273 533 2357 perveniebat,
571 2274 682 2358 sciret,
715 2283 868 2360 quantum
900 2277 1013 2362 cuique

108 2374 251 2439 deberet.

170 2480 229 2544 IV.
267 2481 406 2544 Tentata
438 2487 545 2546 autem
585 2483 653 2544 eius
688 2489 737 2546 est
769 2484 962 2547 abstinentia
996 2507 1048 2552 ar

107 2583 323 2650 Diomedonte
349 2584 526 2668 Cyziceno:
556 2605 694 2667 namque
725 2585 751 2648 is
778 2591 895 2668 rogatu
917 2585 1013 2650 Arta·

105 2687 216 2749 xerxis
229 2687 486 2771 Epaminondam
508 2688 644 2772 pecnnia
660 2688 929 2772 corrumpendum
945 2709 1013 2752 sus-

104 2801 243 2879 ceperat.
288 2795 352 2859 Hic
383 2816 499 2879 magno
532 2816 604 2858 cum
626 2795 770 2880 pondere
793 2797 861 2859 auri
882 2797 1009 2860 Thebas

104 2899 193 2961 101111
222 2904 254 2962 01
284 2899 461 2982 Micythum
491 2898 766 2962 adulescentulum
793 2900 931 2982 quinque
960 2906 1008 2961 ta-

104 3002 198 3065 lentis
228 3001 268 3064 ad
292 3023 381 3066 suam
403 3003 555 3087 perduxit
577 3004 790 3083 voluntatem,
824 3024 919 3086 quem
941 3008 1009 3067 tum

103 3105 342 3190 Epaminondas
357 3106 529 3189 plurimum
549 3105 711 3188 diligebat.
748 3104 907 3187 Micythus
922 3106 1007 3190 Epa-

104 3208 289 3272 minondam
312 3208 460 3273 convenit
490 3215 523 3273 et
545 3230 673 3273 eausam
696 3209 851 3272 adrentus
874 3209 1006 3274 Diome·
1054 3249 1056 3252 -

104 3312 209 3376 dentis
226 3311 375 3377 ostendit.
407 3311 453 3375 At
475 3312 528 3376 ille
544 3312 763 3376 Diomedonte
779 3332 887 3375 coram
909 3311 1007 3395 ‚nihil‘
1029 3345 1043 3386 2

103 3415 203 3499 inquit
235 3436 325 3500 ,opus
354 3416 490 3499 pecunia
521 3422 585 3479 est:
618 3415 747 3498 namsi
775 3436 834 3478 rex
862 3435 900 3478 ea
928 3417 1006 3496 11111,
