2400 3848
175 208 230 267 142
494 208 560 248 xxv.
580 207 707 249 1111111.
726 209 758 248 11.

173 357 259 420 enim
287 377 363 420 suae
386 355 489 420 solum
511 376 531 419 a
552 377 713 441 quoquam
734 357 888 421 auxilium
909 359 1003 442 petiit
1026 380 1076 423 sa-

172 460 263 544 lutis,
295 466 331 525 ut
353 466 522 546 appareret
543 461 664 525 nullam
685 461 861 525 seiunctam
890 462 951 526 sibi
972 463 1011 526 ab
1036 483 1076 526 eo

139 564 255 631 evelle
292 565 462 629 fortunam.
516 563 639 638 Quodsi
674 564 870 648 gubernator
905 566 1078 651 praecipua

171 667 266 733 laude
288 668 404 751 fertur,
434 668 624 752 quinarem
647 688 689 731 ex
710 667 816 731 hieme
839 669 981 752 marique
1005 690 1075 733 sco-

170 772 284 855 puloso
309 776 422 853 servat,
442 791 498 834 cur
511 791 578 835 non
600 771 767 854 singularis
791 772 859 835 eius
875 773 1077 838 existimetur

170 873 356 958 prudentia,
386 875 441 958 qui
468 895 511 938 ex
533 880 582 937 tot
604 879 732 959 tamquc
754 875 904 958 gravibus
925 877 1075 961 procellis

171 976 314 1040 civilibus
337 977 377 1040 ad
399 978 652 1042 incolumitatem
672 980 842 1063 pervenit?

137 1104 149 1143 1
234 1079 294 1144 XI.
325 1079 446 1154 Quibus
462 1102 504 1145 ex
515 1083 609 1166 malis
631 1088 667 1146 ut
682 1105 716 1147 se
733 1084 872 1167 emersit,
893 1084 973 1147 nihil
987 1082 1076 1158 aliud

141 1252 143 1256 ,
171 1185 238 1268 egit
252 1205 347 1269 quam
369 1190 405 1247 ut
420 1205 515 1268 quam
530 1186 686 1269 plurimis,
710 1187 822 1270 quibus
845 1187 940 1251 rebus
955 1195 1074 1271 posset,

171 1293 255 1353 esset
277 1286 407 1351 auxilio.
446 1287 528 1352 Cum
548 1289 744 1373 proscriptos
763 1290 914 1374 praemiis
935 1289 1074 1374 impera·

170 1399 276 1456 torum
290 1392 406 1474 vulgus
422 1392 634 1474 conquireret,
656 1413 753 1456 nemo
775 1393 810 1456 in
824 1393 958 1476 Epirum
974 1394 1074 1476 venit,

171 1498 221 1561 cui
243 1517 294 1559 111
308 1496 374 1559 ulla
389 1495 537 1578 defuerit,
559 1496 680 1560 nemini
694 1516 759 1558 non
773 1495 818 1560 ibi
833 1500 989 1580 perpetuo
1005 1516 1073 1560 ma-

134 1627 147 1665 1
169 1598 267 1663 nendi
281 1604 424 1683 potestas
438 1596 522 1661 faeta
537 1603 601 1662 est:
625 1598 700 1683 quin
715 1598 812 1661 etiam
825 1603 900 1682 post
914 1597 1075 1682 proelium

167 1701 373 1785 Philippense
402 1701 628 1786 interitumque
661 1699 698 1765 O.
722 1700 824 1765 Cassii
851 1706 885 1764 et
913 1700 957 1764 M.
979 1699 1074 1764 Bruti

168 1805 204 1870 L.
237 1807 353 1869 Iulium
382 1806 546 1870 Mocillam
576 1805 773 1889 praetorium
804 1809 838 1869 et
867 1803 969 1867 filium
1004 1805 1073 1869 eius

167 1910 350 1995 Aulumque
386 1909 584 1994 Torquatum
622 1913 808 1992 ceterosque
846 1907 916 1991 pari
945 1906 1074 1972 fortuna

166 2014 331 2097 perculsos
353 2014 467 2077 institit
495 2013 695 2099 1111111111
719 2034 762 2076 ex
783 2012 881 2096 Epiro
904 2011 943 2074 iis
967 2011 1074 2077 omnia

131 2146 145 2186 1
167 2117 418 2181 Samothraciam
434 2117 615 2201 supportari
632 2116 731 2180 iussit.
768 2116 907 2180 Difficile
931 2121 979 2180 est
1003 2136 1071 2180 om·

165 2222 219 2285 nia
244 2221 396 2306 persequi
427 2227 459 2284 et
488 2241 555 2285 non
585 2221 809 2284 necessarium.
854 2220 940 2283 Illud
970 2240 1071 2284 unum

164 2325 310 2408 intellegi
331 2324 489 2405 volumus,
512 2324 596 2386 illius
616 2322 840 2386 liberalitatem
861 2342 966 2407 neque
988 2328 1071 2387 tem-

130 2463 144 2499 4
165 2429 324 2513 porariam
343 2448 448 2511 neque
465 2425 611 2490 callidam
626 2427 732 2490 fuisse.
769 2425 809 2488 Id
827 2447 870 2490 ex
883 2426 960 2511 ipsis
974 2426 1071 2498 rebus

165 2552 202 2595 ac
224 2530 420 2615 temporibus
442 2529 575 2593 iudicari
596 2535 713 2614 potest,
737 2530 824 2614 quod
845 2550 911 2593 non
926 2529 1069 2594 florenti·

164 2635 222 2698 bus
245 2656 279 2698 11
301 2633 488 2713 venditavit,
513 2630 571 2696 sed
594 2631 726 2694 adflictis
749 2653 875 2715 semper
898 2632 1068 2704 succurritz

165 2739 218 2823 qui
241 2738 370 2823 quidem
393 2736 568 2818 Serviliam,
591 2735 684 2799 Bruti
704 2741 851 2819 matrem,
875 2756 941 2800 non
963 2736 1068 2800 minus

129 2848 237 2926 ⁶.post
258 2845 397 2905 mortem
425 2841 493 2903 eius
516 2859 610 2923 quam
632 2840 801 2904 florentem
824 2840 969 2904 coluerit.
1014 2832 1068 2904 sia

162 2944 352 3010 liberalitate
382 2949 476 3006 utens
503 2942 605 3005 nullas
634 2942 814 3006 inimicitias
835 2943 949 3026 gessit,
979 2943 1067 3027 quod

162 3069 266 3133 neque
293 3046 444 3110 laedebat
472 3066 662 3130 quemquam
690 3067 811 3131 neque,
843 3047 869 3110 si
900 3067 995 3131 quam
1016 3047 1065 3113 in-

161 3152 276 3215 iuriam
306 3156 490 3234 acceperat,
527 3169 593 3212 non
624 3149 764 3212 malebat
796 3149 939 3213 oblivisci
970 3171 1065 3234 quum

161 3255 280 3318 ulcisci.
324 3252 417 3316 Idem
439 3253 612 3315 immortali
636 3252 792 3316 memoria
814 3258 966 3336 percepta
987 3253 1063 3317 reti·

161 3357 259 3421 nebat
279 3356 448 3420 beneficia:
481 3375 562 3440 quae
585 3361 693 3420 autem
715 3356 782 3440 ipse
805 3355 974 3440 tribueret,
997 3362 1063 3422 tam
