2400 3848
194 215 231 271 74
507 213 565 253 nv.
585 212 728 253 ciuiuus.
750 213 782 252 11.

99 442 104 452 ι
193 383 303 454 regem
325 363 501 447 suscepisse
523 363 662 445 bellum,
690 384 763 427 cum
784 362 883 425 nihilo
907 359 1025 444 magis,
1054 380 1098 423 ne

193 487 288 550 quam
302 468 516 551 suspicionem
529 467 576 530 illi
590 467 761 551 praeberet
775 465 970 547 insidiarum,
992 484 1098 548 neque

119 598 122 603 ’
194 567 387 657 colloquium
424 572 492 635 eius
528 571 642 655 petivit
680 591 784 654 neque
821 571 855 633 in
891 572 1099 652 conspectum

192 676 302 739 uenire
326 674 456 739 studuit.
501 675 553 739 Sic
576 674 690 739 absens
712 673 883 737 amicitiam
897 673 1040 758 gerebat,
1063 679 1101 734 ut

193 799 260 842 non
281 778 443 842 beneficiis
465 778 600 859 mutuis,
625 777 683 842 sed
706 777 867 841 communi
891 776 983 859 odio,
1012 775 1100 861 quod

195 902 273 965 erga
294 901 405 964 regem
426 885 642 964 susceperant,
665 881 821 944 contineri
842 879 1037 943 viderentur.

163 1008 173 1045 1
259 982 319 1047 XI.
348 982 388 1046 ld
420 1003 492 1046 cum
523 984 598 1047 satis
629 1004 663 1048 se
696 984 898 1048 confirmasse
930 984 1101 1047 arbitratus

196 1092 255 1170 est,
278 1087 447 1150 certiorem
468 1087 544 1149 facit
558 1085 719 1151 Datamen
733 1093 859 1171 tempus
876 1107 947 1151 esse
961 1088 1101 1151 maiores

196 1190 355 1255 exercitus
377 1189 482 1274 parari
503 1195 537 1253 et
557 1189 678 1253 bellum
699 1211 771 1254 cum
792 1192 863 1276 ipso
885 1211 963 1273 rege
984 1190 1102 1273 suscipi

197 1294 301 1379 deque
324 1315 364 1358 ea
384 1315 430 1375 re,
453 1294 480 1357 si
502 1295 532 1358 ei
554 1293 732 1376 videretur,
755 1315 818 1379 quo
841 1296 913 1358 loco
937 1295 1045 1376 vellet,
1067 1294 1102 1357 in

197 1398 391 1484 colloquium
400 1398 534 1461 veniret.
556 1397 697 1461 Probata
709 1418 745 1462 re
758 1398 963 1482 colloquendi
974 1404 1102 1481 tempus

163 1531 175 1568 2
197 1502 330 1564 sumitur
352 1501 516 1584 locusque,
540 1521 602 1585 quo
619 1502 853 1565 conveniretur.
886 1501 961 1565 Huc
974 1501 1101 1591 Mithri-

198 1604 288 1669 dates
312 1626 383 1668 cum
405 1625 480 1686 uno,
505 1605 554 1667 cui
576 1605 715 1668 maximo
738 1605 875 1668 habebat
897 1604 1003 1687 fidem,
1026 1609 1102 1668 ante

197 1708 318 1792 aliquot
342 1707 410 1771 dies
426 1707 514 1770 venit
529 1707 805 1791 compluribusque
829 1709 908 1772 locis
930 1709 1103 1793 separatim

197 1810 322 1894 gladios
346 1811 452 1874 obruit
475 1831 575 1895 eaque
598 1811 671 1873 loca
690 1809 859 1894 diligenter
880 1818 979 1876 notat.
1024 1811 1101 1897 Ipso

198 1922 306 1979 autem
329 1915 481 1999 colloquii
503 1915 555 1979 die
577 1916 720 2000 utrique,
746 1917 853 1979 locum
876 1917 930 2000 qui
953 1917 1101 2000 explora-

197 2025 269 2084 rent
298 2023 393 2104 atque
422 2019 509 2103 ipsos
537 2024 769 2100 scrutarentur,
800 2020 945 2082 mittunt:
985 2018 1102 2084 deinde

163 2149 175 2187 a
197 2123 258 2207 ipsi
279 2128 352 2185 sunt
368 2123 540 2205 congressi.
570 2122 633 2186 Hic
649 2144 721 2186 cum
736 2123 931 2207 aliquamdiu
952 2124 985 2185 in
1000 2124 1101 2186 collo-

198 2226 272 2310 quio
284 2226 418 2289 fuissent
432 2231 465 2290 et
479 2225 604 2290 diverse
617 2225 835 2290 discessissent
850 2226 976 2310 iamque
988 2226 1103 2310 procul

196 2329 351 2392 Datames
367 2329 502 2409 abesset,
525 2330 738 2413 Mithridates,
760 2331 944 2415 priusquam
967 2330 1008 2392 ad
1027 2351 1103 2394 suos

197 2432 397 2514 perveniret,
433 2453 475 2495 ne
513 2453 608 2516 quam
643 2435 857 2518 suspicionem
888 2439 1030 2519 pareret,
1068 2435 1104 2497 in

198 2535 337 2598 eundem
364 2535 472 2598 locum
500 2538 669 2600 revertitur
698 2542 792 2620 atque
822 2537 882 2620 ibi,
916 2537 970 2599 ubi
1000 2536 1103 2599 telum

198 2645 266 2703 erat
287 2639 458 2721 infossum,
488 2638 624 2721 resedit,
655 2645 691 2703 ut
713 2641 740 2702 si
761 2639 946 2704 lassitudine
970 2645 1104 2723 cuperet

198 2743 417 2826 acquiescere,
445 2742 667 2826 Datamenque
697 2745 860 2808 revocavit
888 2743 1037 2806 simulans
1067 2764 1103 2807 se

164 2876 176 2911 r
198 2844 349 2930 quiddam
364 2847 397 2909 in
411 2846 571 2930 colloquio
589 2867 658 2909 esse
672 2846 816 2911 oblitum.
841 2846 975 2910 interim
990 2848 1102 2929 telum,

198 2947 286 3033 quod
307 2949 442 3031 latebat,
471 2950 605 3032 protulit
626 2949 844 3034 nudatumque
867 2951 983 3033 vagina
1011 2956 1101 3014 veste

198 3053 280 3114 texit
312 3073 349 3115 ac
379 3051 509 3116 Datami
536 3053 677 3116 uenienti
709 3054 767 3117 ait:
802 3053 1036 3136 digredientem
1067 3074 1102 3118 se

199 3154 458 3219 animadvertisse
481 3156 589 3218 locum
611 3154 780 3239 quendam,
804 3157 857 3240 qui
880 3158 1002 3220 eratin
1025 3177 1102 3220 oon·

165 3263 320 3340 aspectu,
344 3256 385 3320 ad
407 3265 509 3323 castra
531 3258 682 3344 ponenda
704 3280 774 3323 esse
797 3258 959 3323 idoneum.
997 3258 1103 3333 Quem

200 3380 272 3422 cum
296 3360 395 3444 digito
420 3361 653 3426 demonstrarat
675 3367 708 3426 et
729 3363 783 3426 ille
804 3363 987 3447 respiceret,
1010 3384 1102 3428 aver·
