2400 3848
171 236 208 292 90
474 232 543 273 xvn.
563 232 729 273 rensmaus.
749 235 768 273 4.

170 383 286 466 posuit,
310 381 424 466 quibus
443 382 645 466 donarentur,
669 404 806 468 quorum
829 385 960 469 egregia
980 387 1016 451 in
1039 409 1083 453 ea

110 509 114 515 ·
133 508 146 546 a
169 507 203 550 re
226 486 338 549 fuisset
352 486 516 551 industria.
551 486 644 550 Fecit
658 486 745 551 idem
760 488 794 550 in
810 489 1080 555 exercitationum

168 591 348 675 generibus,
371 596 423 674 ut,
447 590 501 674 qui
524 591 638 654 ceteris
660 591 904 674 praestitissent,
928 613 985 658 eos
1007 615 1080 660 ma·

167 695 238 778 gnis
254 693 406 757 adficeret
420 692 614 756 muneribus.
652 691 713 756 His
736 695 833 777 igitur
847 695 943 759 rebus
959 696 1080 780 effecit,

166 803 203 863 ut
233 802 266 862 et
289 796 524 860 ornatissimum
555 801 588 859 et
612 797 911 861 exercitatissimum
940 787 1080 865 haberet

133 929 146 966 4
168 901 355 967 exereitum.
391 899 477 963 Huic
500 920 572 962 eum
594 905 722 984 tempus
738 907 824 966 esset
838 902 943 966 visum
966 904 1079 988 copias

168 1004 336 1069 extrahere
368 1024 410 1067 ex
439 1003 667 1086 hibernaculis,
696 1002 793 1085 vidit,
823 1005 866 1087 si,
896 1025 958 1089 quo
989 1014 1080 1072 esset

166 1108 227 1172 iter
258 1106 415 1188 facturus,
446 1105 552 1190 palam
583 1106 838 1190 pronuntiasset,
867 1109 978 1172 hostes
1008 1129 1079 1175 non

167 1209 345 1274 credituros
368 1210 507 1293 aliasque
531 1208 680 1291 regiones
697 1208 839 1274 Persidis
863 1217 1078 1296 occupaturos

165 1336 270 1399 neque
300 1313 499 1377 dubitaturos
528 1309 614 1373 aliud
644 1332 718 1375 eum
747 1311 903 1377 facturum
932 1335 969 1378 ac
998 1335 1076 1400 pro·

132 1421 351 1484 enuntiasset.
395 1417 508 1501 Itaque
542 1436 614 1479 oum
646 1416 701 1480 ille
734 1416 850 1480 Sardes
883 1418 1002 1482 iturum
1038 1440 1076 1484 se

167 1522 310 1604 dixisset,
332 1520 561 1604 Tissaphernes
585 1519 722 1585 eandem
745 1521 879 1585 Cariam
896 1522 1076 1588 defenden-

167 1625 241 1690 dam
262 1625 396 1709 putavit.
434 1622 559 1706 Inque
584 1644 656 1686 cum
679 1645 753 1689 eum
777 1625 884 1709 opinio
907 1626 1078 1692 fefellisset

165 1730 347 1813 victumque
368 1749 402 1792 se
426 1726 560 1792 vidisset
579 1728 722 1810 consilio,
745 1749 816 1792 sero
834 1730 897 1793 suis
911 1730 1075 1814 praesidio

164 1833 327 1918 profectus
351 1837 408 1896 est.
452 1831 536 1894 Nam
559 1851 632 1895 cum
653 1832 708 1895 illo
725 1835 875 1916 venisset,
897 1835 960 1898 iam
982 1834 1075 1919 Age·

165 1936 261 2000 silaus
283 1935 391 1999 multis
414 1935 493 1998 loeis
517 1934 708 2018 expugnatis
723 1956 840 2019 magna
863 1943 931 2000 erat
951 1936 1077 2021 praeda

131 2063 143 2100 e
164 2042 294 2125 potitus.
329 2039 415 2103 Laco
432 2044 549 2121 autem,
574 2060 646 2103 oum
661 2039 787 2104 videret
801 2041 912 2104 hostes
928 2041 1075 2125 equitatu

164 2165 326 2228 superare,
348 2163 522 2226 numquam
545 2143 577 2205 in
592 2163 704 2227 campo
721 2144 770 2207 sui
784 2144 860 2207 fecit
877 2149 1079 2228 potestatem,

165 2252 197 2310 et
212 2248 249 2310 iis
264 2247 343 2310 loeis
358 2267 489 2309 manum
505 2247 675 2327 conseruit,
692 2245 805 2331 quibus
820 2249 892 2331 plus
904 2247 1074 2332 pedestres

165 2351 275 2434 copiae
304 2350 458 2413 valerent.
502 2349 634 2432 Pepulit
657 2369 752 2431 ergo,
786 2351 1072 2434 quotienscumque

164 2472 353 2535 congressus
391 2457 458 2532 est,
500 2453 602 2515 multo
640 2452 778 2515 maiores
816 2452 1073 2517 adversariorum

164 2557 271 2640 copias
299 2561 332 2619 et
361 2556 405 2619 sio
434 2555 469 2618 in
490 2554 570 2618 Asia
591 2560 737 2619 versatus
767 2561 831 2637 est,
863 2561 899 2619 ut
929 2558 1073 2621 omnium

165 2659 313 2743 opinione
335 2658 439 2722 victor
463 2657 643 2722 duceretur.

130 2783 141 2821 1
227 2761 285 2827 IV.
314 2761 378 2825 Hic
408 2783 480 2825 oum
509 2763 573 2825 iam
605 2762 710 2825 animo
735 2760 944 2826 meditaretur
972 2764 1072 2846 profi·

164 2867 238 2930 oisci
258 2868 291 2929 in
313 2865 428 2930 Persas
458 2871 491 2929 et
513 2865 618 2949 ipsum
640 2885 752 2948 regem
775 2864 910 2947 adoriri,
941 2867 1072 2932 nuntius

164 2971 194 3036 ei
217 2971 312 3035 domo
342 2970 431 3034 venit
463 2970 659 3053 ephororum
680 2968 796 3049 missu,
823 2966 944 3031 bellum
965 2968 1070 3035 Atho-

162 3075 290 3140 nienses
305 3079 337 3138 et
351 3073 494 3137 Boeotos
509 3071 663 3135 indixisse
674 3068 954 3133 Lacedaemoniis:
971 3091 1071 3155 quare

129 3179 271 3242 evenire
308 3198 350 3241 ne
387 3176 556 3239 dubitaret.
601 3173 640 3236 In
676 3174 739 3236 hoe
769 3192 835 3235 non
865 3173 969 3237 minus
1001 3176 1072 3240 eius

162 3281 265 3364 pietas
287 3277 491 3363 suspicienda
520 3283 568 3341 est
598 3297 693 3361 quam
723 3277 824 3340 virtus
852 3275 983 3342 bellica:
1016 3281 1072 3363 qui

164 3405 235 3448 eum
258 3383 373 3447 victori
394 3386 560 3465 praeesset
582 3380 739 3444 exercitui
754 3379 991 3463 maximamque
1012 3381 1071 3445 ha-
