2400 3848
173 266 211 324 45
528 264 565 303 rx.
586 263 687 314 corson.
707 264 725 302 a

173 412 271 477 sideri
293 413 466 502 pandisset,
504 434 569 477 non
602 415 776 498 quaesivit,
812 414 866 478 ubi
903 413 971 498 ipse
1006 416 1076 475 tuto

173 518 311 600 viveret,
342 518 399 582 sed
421 519 507 582 unde
531 518 691 602 praesidio
714 524 824 603 posset
854 537 924 581 csse
957 502 1078 580 civibus

173 621 247 686 suis.
277 621 405 706 Itaque
440 628 536 685 contu
502 622 574 684 tuilt
561 627 638 685 tse
669 621 709 686 ad
737 621 996 701 Pharnabazum,
1027 640 1077 682 sa·

173 729 298 809 trtpem
325 724 501 788 Ioniaet
469 730 501 788 et
531 725 654 808 Lydiae
686 724 888 808 eundemque
922 743 1078 806 generum

173 829 259 913 regis
290 834 324 893 et
353 830 585 914 propinquum:
624 828 709 912 apud
747 850 841 912 quem
873 832 910 890 ut
943 825 1079 888 multum

173 935 277 1016 gretia
311 935 453 1016 valeret,
491 934 591 997 multo
624 934 734 996 labore
765 932 935 1016 multisque
971 928 1079 994 effecit

138 1051 152 1090 2
173 1036 331 1119 periculis.
367 1036 451 1101 Nam
474 1058 547 1101 cum
561 1036 811 1101 Lacedaemonii
828 1033 1078 1098 Atheniensibus

175 1138 307 1202 devictis
337 1139 371 1203 in
399 1141 552 1206 societate
581 1162 647 1205 non
669 1145 852 1221 manerent,
882 1160 977 1224 quam
1006 1159 1080 1201 cum

173 1241 357 1309 Artaxerxe
380 1245 537 1324 fecerant,
566 1244 818 1328 Agesilaumque
842 1243 997 1306 bellatum
1020 1242 1080 1304 mi-

174 1345 288 1408 sissent
311 1347 344 1408 in
365 1345 478 1411 Asiam
500 1349 639 1411 maxime
662 1348 790 1432 impulsi
816 1369 835 1410 a
856 1346 1079 1430 Tissapherne,

175 1449 229 1531 qui
258 1469 300 1511 ex
328 1450 446 1512 intimis
475 1451 560 1533 regis
590 1451 629 1514 ab
658 1451 798 1514 amicitia
827 1450 894 1514 eius
919 1448 1081 1512 defecerat

175 1556 208 1614 et
229 1572 303 1645 cum
325 1551 590 1616 Lacedaemoniis
620 1554 741 1617 coierat
763 1553 967 1632 societatem,
995 1550 1080 1614 hune

175 1655 327 1727 adversus
349 1655 574 1719 Pharnabazus
597 1656 723 1719 habitus
753 1663 802 1721 est
824 1657 1014 1740 imperator,
1044 1674 1080 1717 re

175 1759 305 1842 quidem
335 1780 413 1823 vera
445 1760 601 1823 exercitui
631 1760 769 1844 praefuit
802 1759 917 1824 Conon
948 1759 1079 1841 eiusque

137 1883 151 1923 a
176 1862 283 1924 omnia
311 1861 440 1925 arbitrio
473 1868 564 1946 gesta
593 1869 674 1926 sunt.
720 1863 783 1926 Hic
805 1863 941 1925 multum
965 1862 1079 1924 ducem

92 1961 95 1965 ⁴
175 1987 334 2029 summum
349 1966 538 2050 Agesilaum
552 1966 719 2051 impedivit
735 1987 894 2050 saepeque
919 1965 986 2029 cius
1003 1985 1078 2028 con-

174 2069 249 2133 siliis
274 2071 412 2134 obstitit:
442 2092 546 2154 neque
576 2091 653 2134 vero
683 2090 748 2133 non
777 2069 837 2132 fuit
860 2074 1023 2153 apertum,
1053 2068 1080 2130 si

173 2172 227 2236 ille
258 2195 323 2236 non
345 2173 471 2255 fuisset,
501 2173 689 2257 Agesilaum
711 2172 823 2236 Asiam
851 2173 956 2235 Tauro
986 2177 1079 2235 tenus

136 2304 151 2343 4
173 2277 243 2359 regi
265 2277 359 2340 fuisse
390 2281 585 2360 erepturum.
631 2277 693 2351 Qui
714 2282 924 2361 posteaquam
947 2274 1080 2337 domum

175 2401 193 2442 a
224 2381 288 2443 suis
319 2380 439 2443 civibus
475 2385 643 2444 revocatus
678 2385 742 2460 est,
781 2377 867 2464 quod
897 2378 1015 2442 Boeoti
1046 2384 1080 2441 ct

173 2484 387 2548 Athenienses
424 2482 688 2546 Lacedaemoniis
725 2483 845 2546 bellum
887 2482 1079 2563 indixerant,

176 2589 291 2652 Conon
313 2588 412 2651 nihilo
436 2588 534 2651 setius
558 2588 643 2672 apud
665 2589 845 2672 praefectos
864 2589 949 2671 regis
970 2608 1077 2651 versa·

172 2692 266 2756 batur
288 2691 389 2775 iisque
414 2690 559 2753 omnibus
582 2712 698 2774 magno
724 2698 792 2754 erat
814 2692 894 2755 usui.

138 2821 152 2862 1
238 2794 300 2858 ΙΠ.
329 2793 503 2857 Defecerat
490 2799 643 2876 tarega
667 2795 895 2879 Tissaphernes
918 2815 1021 2878 neque
1044 2794 1078 2856 id

173 2904 240 2962 tam
254 2899 315 2962 Art
303 2899 429 2961 taxerxi
446 2920 540 2983 quam
557 2905 607 2961 cet
609 2899 670 2962 eris
694 2904 762 2962 erat
786 2904 876 2983 apert
877 2919 947 2960 um:
972 2896 1078 2959 multis

174 3003 260 3066 enim
298 2985 486 3083 magnisque
525 2998 646 3060 meritis
685 2997 770 3081 apud
808 3017 939 3079 regem,
981 2998 1076 3061 etiam

175 3125 247 3167 cum
269 3103 302 3166 in
326 3102 428 3166 officio
453 3123 518 3165 non
540 3107 701 3181 maneret,
672 3099 861 3164 tvtaleba
839 3101 1020 3182 thque
1043 3099 1077 3161 id

174 3206 369 3287 mirandum,
401 3205 427 3268 si
449 3225 514 3267 non
536 3203 629 3269 facile
653 3204 694 3266 ad
718 3202 915 3266 credendum
937 3200 1076 3265 adduce-

172 3312 276 3393 batur,
304 3310 510 3373 reminisccns
535 3307 601 3371 eius
624 3328 658 3370 se
683 3327 782 3390 opera
805 3305 925 3390 Cyrum
947 3299 1078 3367 fratrem

138 3439 152 3478 a
174 3436 350 3499 superasse.
381 3411 486 3474 Huius
501 3409 671 3474 accusandi
686 3409 790 3492 gratia
806 3408 919 3472 (lonon
943 3428 961 3469 a
975 3406 1075 3469 Phar-
