2400 3848
162 220 216 276 123
457 215 538 255 xxm.
557 214 715 254 murman.
735 215 766 254 11.

159 364 330 446 Hannibal,
352 368 388 427 ut
409 365 515 449 palam
533 363 653 429 faceret
676 364 749 446 suis,
772 385 835 448 quo
857 364 929 428 loco
945 361 1067 427 Eume-

160 490 217 533 nes
248 473 346 550 esset,
379 468 580 531 tabellarium
608 468 642 531 in
674 469 791 553 scapha
822 489 892 532 cum
925 467 1067 532 caduceo

129 601 141 639 a
161 572 266 635 mittit.
313 571 375 645 Qui
397 571 452 635 ubi
472 571 513 634 ad
535 591 632 635 naves
648 570 904 636 adversariorum
920 569 1069 655 pervenit

162 676 393 761 epistulamque
424 674 597 739 ostendens
626 697 660 740 se
689 697 802 760 regem
828 675 991 760 professus
1020 679 1070 739 est

162 800 325 864 quaerere,
347 780 455 842 statim
473 778 514 842 ad
529 778 709 843 Eumenem
726 779 883 844 deductus
899 784 957 862 est,
980 778 1069 863 quod

161 903 256 947 nemo
277 882 451 965 dubitabat,
476 884 553 968 quin
573 884 694 969 aliquid
717 884 756 949 de
773 906 852 970 pace
868 889 953 949 esset
968 884 1068 968 scrip·

161 991 239 1049 tum.
271 985 468 1050 Tabellarius
485 987 574 1051 ducis
588 1009 670 1053 nave
686 988 846 1054 declarata
861 989 925 1053 suis
942 986 1069 1068 eodem,

132 1090 247 1157 eunde
282 1097 350 1154 erat
381 1111 546 1175 egressus,
584 1114 618 1158 se
649 1094 781 1178 recepit.
825 1091 872 1157 At
906 1091 1069 1156 Eumenes

162 1195 268 1258 soluta
288 1194 424 1280 epistula
450 1196 530 1259 nihil
557 1197 591 1260 in
614 1217 654 1261 ea
674 1196 818 1281 repperit
838 1197 901 1260 nisi
923 1215 1003 1280 quaa
1026 1193 1069 1257 ad

162 1297 361 1362 irridendum
384 1319 458 1362 eum
480 1299 687 1384 pertinerent.
735 1299 833 1363 Ouius
858 1299 919 1364 etsi
941 1318 1070 1361 causam

162 1401 335 1465 mirabatur
376 1423 480 1486 nequa
523 1402 723 1487 reperiebat,
761 1408 869 1466 tamen
908 1401 1070 1486 proelium

131 1506 270 1569 rstatim
306 1507 506 1570 committere
550 1526 614 1569 non
654 1506 820 1570 dubitavit.
872 1504 1001 1570 Horum
1035 1504 1071 1568 in

164 1628 320 1673 concursu
347 1608 491 1694 Bithynii
513 1609 703 1673 Hannibalis
725 1614 899 1695 praecepto
928 1606 1070 1672 universi

162 1734 278 1778 navem
304 1712 457 1777 Eumenis
485 1713 682 1778 adoriuntur.
737 1713 882 1787 Quorum
912 1714 978 1776 vim
1009 1732 1071 1777 rex

163 1836 237 1880 cum
267 1818 422 1881 sustinere
453 1837 518 1881 non
551 1823 662 1901 posset
694 1817 771 1900 fuga
803 1818 941 1882 salutem
970 1816 1068 1901 petit:

164 1940 259 2004 quam
281 1925 470 1983 consecutus
492 1940 558 1983 non
580 1924 682 2003 esset,
709 1921 771 1984 nisi
792 1922 876 1984 intra
896 1940 954 1984 sua
975 1941 1069 2004 prae·

163 2024 244 2088 sidia
266 2045 300 2088 se
323 2025 507 2108 recepisset,
530 2044 612 2108 quae
634 2024 668 2088 in
689 2024 838 2110 proximo
862 2023 956 2088 litore
979 2029 1071 2088 erant

131 2129 329 2192 scollocata.
374 2127 531 2212 Reliquae
554 2128 775 2210 Pergamenae
795 2147 893 2190 naves
916 2147 990 2190 cum
1012 2124 1069 2189 ad·

163 2233 320 2295 versarios
341 2237 527 2316 premerent
549 2231 669 2313 acrius,
696 2235 832 2315 repente
861 2231 895 2293 in
917 2249 973 2293 eas
994 2248 1071 2293 vasa

163 2333 288 2416 fictilia,
326 2333 367 2398 de
404 2334 517 2417 quibus
555 2354 651 2418 supra
685 2333 885 2398 mentionem
926 2332 1070 2415 fecimus,

165 2435 267 2499 conici
303 2441 418 2521 coepta
453 2442 536 2499 sunt.
590 2435 681 2509 Quae
718 2437 802 2499 iacta
836 2436 926 2500 initio
970 2435 1070 2499 risum

163 2539 377 2623 pugnantibus
406 2541 605 2604 concitarunt
625 2560 746 2624 neque,
778 2560 876 2623 quare
904 2537 938 2601 id
967 2538 1070 2620 fieret,

133 2647 292 2725 epoterat
321 2641 476 2725 intellegi.
520 2630 698 2727 Postquain
729 2647 837 2706 autem
867 2662 965 2706 naves
997 2661 1070 2704 suas

166 2745 310 2828 oppletas
334 2751 571 2829 conspexerunt
592 2746 802 2830 serpentibus,
831 2765 916 2810 nova
936 2767 972 2809 re
994 2765 1069 2829 per-

164 2847 277 2928 territi,
300 2867 381 2929 cum,
406 2847 482 2931 quid
503 2849 706 2932 potissimum
721 2849 868 2930 vitarent,
891 2867 957 2911 non
978 2846 1069 2911 vide-

164 2955 245 3032 rent,
268 2971 392 3034 puppes
414 2955 580 3015 verterunt
601 2973 699 3037 seque
724 2952 766 3015 ad
788 2973 846 3015 sua
867 2957 970 3015 castra
991 2971 1069 3015 nau·

131 3053 229 3118 rtica
263 3054 463 3118 rettulerunt.
525 3054 577 3119 Sic
612 3055 774 3119 Hannibal
812 3054 943 3117 consilio
981 3073 1070 3118 arma

164 3153 440 3239 Pergamenorum
455 3157 633 3242 superavit3
655 3178 760 3242 neque
781 3162 850 3219 tum
870 3157 989 3238 solum,
1012 3155 1070 3220 sed

166 3278 261 3342 saepe
299 3259 376 3323 alias
413 3259 615 3342 pedestribus
650 3261 751 3344 copiis
787 3260 857 3343 pari
899 3244 1071 3343 prudentia

165 3362 289 3440 pepulit
310 3361 520 3430 adversarios.
