2400 3848
425 229 495 269 xvn.
515 228 681 269 acuendus
701 231 720 268 d.
989 237 1025 292 91

120 374 213 440 beret
243 376 393 440 fiduciam
420 377 512 460 regni
540 377 713 440 Persarum
745 376 908 460 potiundi,
941 382 1029 441 tanta

120 477 281 541 modestia
304 478 388 543 dicto
413 480 547 544 audiens
568 481 627 544 fuit
649 480 741 543 iussis
760 480 939 543 absentium
962 503 1028 545 ma·

120 582 321 664 gistratum,
339 589 375 645 ut
390 584 416 647 si
431 585 573 668 privatus
589 585 624 647 in
639 585 767 647 comitio
785 592 870 648 esset
884 585 1027 669 Spartae.

123 684 221 748 Ouius
237 689 423 772 exemplum
437 690 558 752 utinam
580 691 792 774 imperatores
814 691 915 753 nostri
938 691 1027 773 sequi

121 789 312 854 voluissent!
344 790 410 855 Sed
432 793 508 856 illuc
529 792 710 869 redeamus.
754 791 926 876 Agesilaus
949 815 1061 877 opu-s

121 894 297 957 lentissimo
315 915 416 978 regno
431 897 617 980 praeposuit
629 897 747 984 bonam
759 897 1028 976 existimationem

121 995 287 1081 multoque
319 999 490 1081 gloriosius
523 999 632 1081 duxit,
666 1000 693 1062 si
723 1001 874 1063 institutis
907 1000 1028 1082 patriae

120 1100 288 1184 paruisset,
311 1122 407 1185 quam
429 1103 458 1165 si
478 1103 564 1166 bello
588 1108 770 1186 superasset
792 1102 912 1167 Asiam.
957 1103 1062 1176 Hae4
1095 1140 1098 1154 ·

121 1205 219 1287 igitur
240 1210 349 1268 mente
371 1204 621 1289 Hellespontum
644 1206 751 1289 copias
779 1207 903 1268 traiecit
925 1212 1027 1269 tanta·

122 1329 186 1392 que
215 1328 292 1371 usus
323 1312 372 1372 est
400 1309 581 1389 celeritate,
612 1314 664 1390 ut,
696 1307 783 1391 quod
811 1309 873 1372 iter
900 1308 1028 1372 Xerxes

123 1431 206 1474 anno
229 1416 375 1475 vertente
406 1412 604 1493 confecerat,
636 1411 689 1475 hic
717 1411 877 1474 transierit
898 1412 1029 1495 triginta

123 1515 245 1580 diebus.
292 1515 374 1578 Cum
388 1516 452 1578 iam
468 1514 554 1578 haud
576 1516 621 1577 ita
636 1515 733 1597 longe
750 1515 877 1578 abesset
899 1515 1028 1577 aPelo·
1050 1551 1062 1587 ⁵

122 1631 281 1705 ponneso,
307 1619 461 1684 obsistere
486 1620 517 1682 ci
539 1619 645 1682 conati
663 1624 736 1683 sunt
756 1617 973 1682 Athenienses
996 1623 1030 1680 et

122 1723 242 1786 Boeoti
271 1723 432 1806 ceterique
465 1742 577 1785 eorum
608 1722 687 1785 socii
715 1721 801 1807 apud
838 1722 1028 1798 Coroneam,

124 1848 204 1912 quos
228 1848 338 1890 omnes
360 1827 451 1910 gravi
472 1827 596 1910 proelio
619 1826 704 1889 vicit.
748 1825 853 1889 Huius
876 1826 1028 1890 victoriae
1050 1865 1062 1902 ⁶

123 1930 177 1995 vel
206 1931 347 1993 maxima
374 1929 434 1993 fuit
463 1930 547 2010 laus,
577 1928 680 2013 quod,
707 1949 779 1991 curn
810 1929 954 2013 plerique
987 1950 1029 1992 ex

123 2033 200 2117 fuga
221 2055 256 2098 se
280 2034 314 2096 in
335 2033 491 2116 templum
511 2033 676 2096 Minervae
699 2031 909 2095 coniecissent
931 2051 1028 2114 quae-

123 2142 311 2221 rereturque
335 2136 373 2205 ab
397 2156 447 2216 eo,
474 2135 551 2219 quid
565 2135 603 2198 iis
618 2135 717 2198 vellet
731 2134 810 2215 fieri,
834 2136 894 2198 etsi
909 2135 1030 2219 aliquot

124 2240 258 2304 vulnera
279 2245 448 2324 acceperat
476 2259 515 2302 eo
539 2239 662 2323 proelio
688 2242 721 2300 et
743 2238 839 2300 iratus
861 2238 1031 2302 videbatur

125 2345 281 2426 omnibus,
304 2345 358 2428 qui
374 2344 526 2408 adversus
542 2363 630 2406 arma
644 2343 793 2423 tullerant,
816 2349 924 2406 tamen
940 2348 1030 2406 ante·

123 2449 196 2512 tulit
216 2450 283 2514 irae
299 2449 490 2532 religionem
513 2453 546 2511 et
569 2468 625 2511 eos
648 2446 751 2510 vetuit
766 2446 888 2509 violari.
916 2446 1030 2530 Neque
1053 2483 1065 2520 a

123 2572 201 2616 vero
218 2553 280 2615 hoo
295 2552 399 2615 solum
413 2552 447 2614 in
460 2550 596 2613 Graecia
606 2549 693 2629 feeit,
715 2555 751 2611 ut
765 2549 886 2633 templa
898 2548 1032 2613 deorum

125 2661 234 2719 sancta
255 2655 399 2733 haberet,
426 2654 484 2718 sed
507 2654 604 2718 etiam
627 2652 712 2737 apud
734 2652 887 2716 barbaros
909 2673 1033 2715 summa

125 2759 282 2841 religione
315 2759 422 2822 omnia
453 2759 621 2821 simulacra
654 2778 787 2841 arasque
822 2756 1031 2820 conservarit.

125 2862 239 2945 Itaque
269 2861 475 2945 praedicabat
506 2864 613 2925 mirari
644 2883 677 2926 se
707 2883 774 2925 non
805 2862 1066 2944 sacrilegorumg

28 2960 32 2969 '
127 2984 260 3027 numero
276 2965 398 3046 haberi,
413 2966 468 3049 qui
484 2965 678 3049 supplicibus
693 2965 827 3029 deorum
839 2965 1032 3041 nocuissent,

127 3074 268 3133 autnon
291 3070 490 3152 gravioribus
506 3071 618 3153 poenis
642 3069 743 3149 adfici,
767 3070 821 3152 qui
843 3067 1033 3150 religionem

127 3173 319 3254 minuerent,
343 3194 438 3256 quam
460 3173 516 3256 qui
537 3174 610 3236 fana
632 3173 815 3255 spoliarent.

192 3277 233 3340 V.
261 3277 342 3341 Post
363 3279 425 3341 hoc
447 3279 606 3361 proelium
622 3277 773 3339 collatum
797 3296 891 3339 omne
912 3275 1032 3339 bellum
1054 3310 1063 3348 1

128 3383 177 3442 est
216 3379 299 3443 circa
336 3379 525 3442 Corinthum
562 3378 700 3461 ideoque
742 3378 941 3442 Corinthium
985 3383 1034 3440 est
