2400 3848
204 215 251 272 ’98
507 218 587 258 xvim
609 219 752 258 numurus.
773 221 792 258 4.
806 221 824 258 a

179 397 192 439 c
213 373 308 436 baros
328 373 496 457 proficisci.
533 372 650 436 Tenuit
671 372 734 437 hoo
755 373 956 456 propositum
976 379 1009 435 et
1030 375 1120 456 prius

209 479 243 543 in
265 479 367 543 aciem
382 480 560 543 exercitum
583 478 695 542 eduxit
712 480 932 564 proeliumque
958 481 1118 545 commisit

179 619 182 628 ι
210 603 303 667 quam
326 583 443 647 milites
465 584 513 646 sui
536 583 663 663 scirent,
696 604 767 646 oum
791 584 905 667 quibus
927 606 1016 648 arma
1038 606 1116 649 con·

209 688 338 752 ferrent.
383 687 501 750 Effecit
532 688 628 751 etiam
656 687 735 751 illud
765 688 910 752 locorum
940 711 1116 774 praeoccu-

208 792 354 875 patione,
384 796 420 853 ut
443 791 587 874 equitatu
608 792 714 875 potius
745 791 926 874 dimicaret,
957 814 1019 877 quo
1042 794 1116 878 plus
1173 786 1175 794 ’

207 897 344 977 valebat,
369 918 463 980 quam
484 895 640 980 peditatu,
664 917 725 980 quo
750 902 819 959 erat
842 896 991 960 deterior.

174 1034 185 1072 1
272 1001 330 1067 IV.
361 1001 504 1075 Quorum
521 1001 674 1064 acerrimo
692 1021 846 1063 concursu
870 1021 942 1063 cum
964 1021 1112 1083 magnam

207 1112 331 1190 partem
355 1105 419 1169 diei
442 1110 528 1169 esset
549 1101 741 1190 pugnatum,
766 1104 850 1168 cadit
873 1103 1023 1168 Crateros
1047 1104 1114 1191 dux

207 1214 240 1272 et
269 1209 518 1293 Neoptolemus,
556 1209 609 1292 qui
643 1207 818 1272 secundum
849 1209 955 1271 locum
987 1208 1113 1291 imperii

171 1341 184 1380 1
205 1312 344 1377 tenebat.
391 1311 473 1376 Oum
495 1312 557 1375 hoc
580 1313 738 1375 concurrit
760 1304 828 1396 ipse
844 1312 1015 1375 Eumenes,
1048 1311 1111 1384 Qui

206 1437 279 1480 cum
300 1417 383 1479 inter
406 1435 440 1478 se
464 1415 625 1499 complexi
651 1416 684 1477 in
705 1420 823 1479 terram
846 1437 888 1478 ex
911 1415 1000 1499 equis
1025 1414 1111 1478 deci-

206 1518 335 1600 dissent,
360 1523 396 1580 ut
418 1518 509 1581 facile
532 1518 677 1600 intellegi
700 1523 831 1601 possent
852 1518 980 1581 inimica
1002 1523 1111 1582 mente

205 1620 407 1685 contendisse
423 1620 592 1704 animoque
608 1619 710 1702 magis
729 1620 825 1684 etiam
839 1642 998 1704 pugnasse
1015 1643 1109 1706 quam

205 1744 350 1807 corpore,
382 1743 448 1786 non
469 1723 556 1806 prius
588 1722 730 1786 distracti
759 1728 833 1786 sunt
855 1746 950 1808 quam
973 1725 1109 1789 alterum

204 1829 309 1890 anima
323 1827 527 1912 relinqueret.
554 1826 606 1889 Ab
622 1826 685 1890 hoc
700 1828 821 1912 aliquot
835 1829 937 1912 plagis
946 1828 1110 1893 Eumenes

202 1933 389 1995 vulneratur
415 1951 519 2014 neque
549 1951 588 1994 eo
617 1931 718 2013 magis
747 1951 789 1994 ex
810 1933 934 2015 proelio
959 1932 1108 2015 excessit,

168 2068 180 2106 a
203 2036 261 2102 sed
283 2037 385 2100 acrius
407 2036 552 2099 hostibus
576 2035 697 2098 institit.
736 2035 800 2098 Hic
818 2035 977 2119 equitibus
998 2037 1108 2119 profli-

202 2142 301 2225 gatis,
329 2141 496 2205 interfecto
522 2140 601 2204 duce
625 2139 776 2220 Cratero,
807 2139 915 2201 multis
939 2143 1108 2222 praeterea

202 2250 235 2309 et
265 2246 404 2308 maxime
432 2244 591 2307 nobilibus
624 2244 723 2328 captis
754 2241 905 2327 pedester
936 2242 1108 2329 exercitus,

202 2347 289 2432 quod
309 2349 343 2411 in
366 2368 405 2411 ea
427 2348 498 2410 loca
513 2352 582 2410 erat
598 2346 765 2428 deductus,
787 2351 823 2408 ut
844 2345 943 2408 invito
959 2344 1106 2409 Eumene

201 2451 285 2514 elabi
300 2470 365 2513 non
380 2456 498 2534 posset,
522 2469 635 2533 pacem
658 2448 697 2512 ab
714 2468 753 2512 eo
777 2449 879 2533 petiit.
914 2447 1016 2521 Quam
1033 2469 1106 2512 cum

200 2554 418 2636 impetrasset,
448 2554 481 2616 in
502 2553 565 2616 fide
588 2573 655 2615 non
676 2552 793 2614 mansit
816 2557 921 2633 etse,
951 2552 1045 2615 simul
1068 2572 1106 2616 ac

165 2695 178 2729 4
199 2658 319 2742 potuit,
343 2657 384 2720 ad
404 2657 610 2740 Antipatrum
632 2657 763 2740 recepit.
808 2654 969 2718 Eumenes
992 2654 1105 2720 Orate·

197 2782 268 2824 rum
292 2783 334 2825 ex
357 2761 423 2825 acie
447 2761 636 2824 semivivum
659 2760 778 2822 elatum
795 2778 941 2822 recreare
965 2757 1104 2821 studuit:

199 2885 270 2927 oum
293 2864 328 2927 id
349 2885 414 2927 non
436 2869 555 2948 posset,
578 2883 636 2946 pro
653 2862 790 2925 hominis
810 2861 964 2943 dignitate
979 2881 1104 2945 proque

197 2968 329 3052 pristina
344 2967 481 3031 amicitia
498 2966 646 3051 (namque
669 2967 724 3029 illo
741 2987 816 3028 usus
831 2970 899 3028 erat
913 2963 1103 3028 Alexandro

197 3071 270 3134 vivo
300 3071 509 3152 familiariter)
542 3072 648 3154 amplo
681 3070 791 3133 funere
821 3069 936 3132 extulit
968 3089 1104 3154 ossaque

97 3259 99 3262 Ι
197 3175 229 3237 in
251 3173 476 3237 Macedoniam
497 3175 591 3237 uxori
615 3173 682 3237 eius
706 3194 742 3235 ac
764 3170 873 3235 liberis
896 3171 1026 3234 remisit.

163 3312 175 3350 1
261 3276 301 3338 V.
331 3277 423 3340 Haec
453 3277 527 3339 dum
559 3277 645 3361 apud
666 3275 915 3367 Hellespontum
938 3278 1103 3357 geruntur,

196 3379 367 3442 Perdiccas
379 3378 464 3462 apud
473 3379 581 3442 Nilum
595 3381 713 3442 flumen
728 3377 915 3442 interficitur
930 3397 949 3439 a
964 3376 1099 3440 Seleuco
