2400 3848
182 231 237 288 102
494 228 576 269 xvnr.
595 228 738 269 nonanus.
757 231 776 269 e.

142 402 155 440 a
178 397 257 461 quos
279 377 423 442 fecerint.
469 376 591 452 Quodsi
616 379 686 462 quis
707 378 837 443 illorum
856 385 1082 446 veteranorum

176 478 263 562 legat
291 480 390 563 facta,
418 482 508 565 paria
535 480 651 545 horum
680 490 852 566 cognoscat
879 505 984 570 neque
1011 506 1082 550 rem

175 583 273 648 ullam
294 586 355 649 nisi
368 592 495 670 tempus
509 585 663 649 interesse
687 585 816 651 iudicet.
857 587 923 652 Sed
945 588 987 652 ad
1008 591 1081 654 illos

173 694 328 753 revertar.
359 688 505 753 Hiberna
520 695 720 774 sumpserant
734 711 799 754 non
822 691 864 755 ad
885 713 979 757 usum
993 693 1080 777 belli,

174 793 233 857 sed
255 792 297 858 ad
317 794 461 878 ipsorum
482 793 643 857 luxuriam
665 795 826 878 longeque
850 795 934 859 inter
955 817 990 862 se
1015 797 1079 861 dis-

138 901 345 964 rcesserant.
389 896 463 961 Hoc
485 895 667 980 Antigonus
698 919 770 961 cum
793 900 1002 983 comperisset
1030 901 1078 964 in-

170 1000 405 1085 tellegeretque
435 1020 469 1064 se
492 1011 604 1085 parem
631 1021 697 1063 non
726 1021 796 1065 esse
824 1004 942 1085 paratis
964 1003 1078 1067 adver-

154 1104 278 1188 sariis,
322 1105 432 1168 statuit
472 1103 593 1189 aliquid
636 1104 695 1167 sibi
733 1105 856 1168 consilii
892 1107 969 1170 novi
1007 1129 1076 1174 esse

169 1209 369 1294 capiendum.
407 1209 500 1273 Duae
525 1214 615 1273 erant
637 1209 719 1291 viae,
743 1230 806 1293 qua
828 1229 871 1272 ex
885 1209 1000 1292 Medis,
1022 1212 1077 1275 ubi

166 1313 221 1376 ille
238 1313 411 1394 hiemabat,
427 1312 468 1376 ad
478 1311 735 1376 adversariorum
748 1310 956 1376 hibernacula
966 1320 1077 1398 posset

132 1448 145 1485 r
166 1416 341 1500 perveniri
368 1416 509 1489 Quarum
524 1415 653 1480 brevior
668 1436 727 1499 per
742 1416 815 1479 loca
831 1415 967 1498 deserta,
992 1439 1074 1502 quae

165 1540 261 1582 nemo
284 1518 447 1582 incolebat
467 1522 600 1603 propter
623 1538 724 1601 aquae
748 1518 899 1602 inopiam,
931 1525 1075 1585 ceterum

166 1621 291 1685 dierum
314 1627 382 1684 erat
403 1620 471 1684 fere
496 1619 625 1684 decem:
653 1618 710 1682 illa
732 1625 850 1703 autem,
875 1642 937 1705 qua
961 1642 1073 1686 omnes

166 1724 397 1805 commeabant,
420 1723 521 1786 altero
546 1727 635 1786 tanto
657 1723 839 1807 longiorem
855 1725 995 1790 habebat
1016 1749 1072 1791 an·

164 1829 318 1910 fractum,
355 1827 414 1891 sed
451 1833 520 1891 erat
553 1827 688 1911 ‚copiosa
722 1827 926 1912 omniumque
963 1851 1072 1896 rerum

129 1932 337 2002 aabundans.
382 1931 454 1995 Hac
491 1931 518 1995 si
553 1930 826 2015 proficisceretur,
862 1932 1073 2016 intellegebat

162 2037 250 2121 prius
265 2036 466 2100 adversarios
481 2037 654 2100 rescituros
678 2034 718 2099 de
741 2056 799 2099 suo
817 2035 958 2100 adventu
976 2057 1071 2121 quam

160 2143 230 2226 ipse
253 2141 382 2205 tertiam
408 2145 533 2225 partem
557 2139 747 2204 confecisset
768 2139 907 2203 itineris:
936 2141 985 2204 sin
1011 2165 1070 2227 per

161 2247 234 2311 lo'ca
255 2247 324 2310 sola
347 2245 573 2326 contenderet,
602 2242 752 2327 sperabat
773 2263 807 2306 se
831 2243 1068 2326 imprudentem

29 2328 33 2336 Ι
127 2373 139 2414 r
161 2349 286 2414 hostem
304 2369 539 2435 oppressurum.
574 2344 629 2408 Ad
650 2344 731 2407 hanc
753 2365 822 2407 rem
838 2346 1068 2413 conficiendam

160 2453 329 2536 imperavit
352 2449 622 2535 quamplurimos
645 2453 733 2510 utres
760 2452 855 2531 atque
880 2448 976 2511 etiam
1001 2453 1067 2514 cul-

160 2555 229 2619 leos
261 2554 453 2638 comparari,
485 2560 559 2638 post
588 2553 669 2616 hacc
700 2550 868 2633 pabulum,
899 2558 1068 2636 praeterea

160 2658 277 2723 cibaria
307 2664 399 2721 cocta
430 2657 554 2720 dierum
585 2655 713 2734 decem,
745 2657 782 2716 ut
812 2674 908 2737 quam
934 2655 1063 2722 minime

158 2764 250 2829 fieret
272 2764 355 2846 ignis
383 2762 557 2826 incastris.
602 2759 670 2821 Iter
702 2777 764 2841 quo
787 2756 921 2839 habeat,
954 2779 1064 2824 omnes

159 2868 250 2931 celat.
295 2865 347 2930 Sic
364 2869 503 2949 paratus,
527 2882 589 2948 qua
604 2861 821 2942 constituerat,
844 2861 1062 2945 proficiscitur.

124 2999 135 3040 1
223 2969 282 3034 IX.
312 2968 489 3033 Dimidium
511 2966 579 3030 fere
602 2963 740 3048 spatium
764 2961 961 3045 confecerat,
992 2986 1064 3029 cum

159 3095 200 3138 ex
222 3074 309 3137 fumo
340 3078 516 3136 castrorum
548 3069 615 3133 eius
647 3065 784 3150 suspicio
816 3064 912 3128 allata
943 3073 991 3130 est
1022 3069 1063 3131 ad

29 3236 31 3241 ι
157 3177 336 3240 Eumenem
371 3177 499 3240 hostem
540 3171 807 3257 appropinquare.
862 3167 1063 3235 Conveniunt

158 3279 271 3344 duces:
305 3280 484 3364 quaeritur,
516 3276 593 3361 quid
624 3294 704 3358 opus
727 3271 769 3334 sit
789 3269 885 3335 facto.
930 3272 1060 3336 Intelle-

155 3383 276 3465 gebant
299 3403 409 3446 omnes
432 3388 499 3444 tam
520 3379 668 3443 celeriter
691 3376 799 3460 copias
820 3373 962 3457 ipsorum
984 3396 1059 3438 con-
