2400 3848
202 254 238 311 58
515 260 552 298 xr
571 260 750 301 marcianas.
770 264 789 301 a

201 402 306 466 nullae
335 426 487 486 umquam
514 406 549 470 in
572 407 708 472 Graecia
738 430 843 489 neque
867 411 1113 476 exercitatiores

202 506 313 588 copiae
337 528 440 592 neque
463 511 565 592 magis
590 510 674 574 dicto
699 510 865 577 audientes
886 512 1004 577 fuerint
1026 513 1113 593 duci,

167 627 179 664 r
202 607 234 669 in
250 629 384 693 eamque
401 613 666 677 consuetudinem
682 613 827 697 adduxit,
842 621 888 694 ut,
908 637 981 679 cum
994 615 1114 696 proelii

202 713 327 796 signum
357 715 435 777 ab
426 722 620 798 1mperatore
650 724 735 782 esset
721 717 819 781 ttda
806 724 889 796 tum,
922 719 989 782 sine
1021 717 1114 782 ducis

203 837 301 931 opera
334 818 379 881 sic
409 819 535 882 ordinat
523 825 573 883 tae
608 821 836 898 consisterent,
876 821 1060 903 utsinguli
1093 842 1115 884 a

166 941 179 980 a
201 919 393 1002 peritissimo
416 921 611 1004 imperatore
636 921 782 1004 dispositi
804 924 998 988 viderentur
1035 924 1113 989 Hoc

154 1094 156 1097 v
203 1022 346 1085 exercitu
357 1044 481 1086 moram
490 1023 822 1090 Lacedaemoniorum
837 1027 1005 1109 interfecit,
1022 1029 1112 1108 quod

203 1129 341 1192 maxime
376 1133 445 1191 tota
478 1129 673 1194 celebratum
707 1136 756 1194 est
791 1129 936 1194 Graecia.
986 1130 1112 1194 lterum

202 1230 319 1295 eodem
345 1231 431 1294 bello
463 1253 573 1295 omnes
606 1234 713 1316 copias
743 1255 854 1297 eorum
877 1234 1015 1317 fugavit,
1045 1255 1112 1314 quo

170 1334 287 1396 efacto
318 1354 467 1416 magnam
496 1333 632 1416 adeptus
662 1340 711 1397 cst
742 1332 887 1417 gloriam.
934 1333 1015 1397 Cum
1045 1333 1111 1400 Ar-

205 1444 354 1501 taxerxes
387 1436 551 1521 Aegyptio
583 1437 654 1520 regi
690 1437 811 1500 bellum
844 1436 961 1501 inferre
994 1440 1111 1516 voluit,

204 1538 387 1622 lphicraten
410 1542 448 1604 ab
471 1540 724 1604 Atheniensibus
747 1539 871 1623 petivit,
895 1561 991 1624 quem
1013 1562 1111 1625 prae·

203 1642 313 1705 ficeret
336 1643 491 1706 exercitui
515 1643 726 1720 conducticia,
752 1642 840 1706 cuius
858 1664 1010 1708 numerus
1027 1642 1112 1707 duo·

204 1744 310 1808 decim
346 1746 470 1809 milium
506 1745 575 1808 fuit.
629 1745 734 1818 Quem
772 1744 901 1828 quidem
938 1745 984 1808 sic
1021 1747 1112 1810 omni

202 1845 368 1928 disciplina
388 1844 518 1907 militari
542 1845 694 1927 erudivit,
717 1851 769 1927 ut,
792 1844 1109 1929 quemadmodum

201 1947 362 2031 quondam
385 1947 518 2011 Fabiani
549 1947 666 2011 milites
688 1947 828 2013 Romani
850 1949 1002 2034 appellati
1024 1956 1110 2032 sunt,

199 2051 244 2114 sio
266 2051 502 2134 Iphicratenses
526 2051 612 2135 apud
636 2047 777 2116 Graecos
808 2053 842 2116 in
864 2074 989 2117 summa
1010 2052 1110 2118 laude

165 2186 177 2223 5
202 2155 327 2218 fuerint.
371 2153 466 2217 Idem
488 2153 629 2217 subsidio
652 2153 918 2219 Lacedaemoniis
944 2155 1110 2240 profectus

199 2256 442 2342 Epaminondae
465 2256 641 2320 retardavit
661 2258 810 2342 impetus.
848 2258 933 2322 Nam
956 2257 1016 2320 nisi
1038 2258 1109 2322 cius

200 2360 355 2424 adventus
391 2359 694 2443 appropinquasset,
737 2381 803 2423 non
838 2360 925 2445 prius
962 2359 1110 2425 Thebani

103 2485 106 2491 ·
200 2463 313 2548 Sparta
342 2462 568 2526 abscessissent
597 2483 693 2552 quam
723 2470 848 2547 captam
870 2462 1017 2526 incendic
1049 2461 1109 2527 dc·

199 2568 327 2631 lassent.

100 2670 104 2677 ’
165 2699 175 2737 1
262 2669 324 2732 III.
353 2669 429 2732 Fuit
451 2676 559 2734 autem
582 2674 615 2733 et
637 2668 743 2732 animo
772 2689 889 2752 magno
915 2675 947 2733 et
970 2690 1107 2753 corpore

198 2773 466 2857 imperatoriaque
489 2772 601 2855 forma,
630 2777 667 2835 ut
688 2772 757 2856 ipso
782 2779 913 2857 aspectu
936 2772 1034 2836 cuivis
1056 2771 1107 2835 in-

198 2876 297 2939 iceret
330 2874 576 2939 admirationem
609 2876 674 2957 sui,
712 2873 771 2939 sed
807 2875 840 2938 in
870 2874 980 2939 labore
1011 2876 1108 2939 nimis

197 2980 349 3044 remissus
371 3000 547 3063 parumque
570 2979 705 3062 patiens,
728 2984 764 3041 ut
785 2978 1015 3063 Theopompus
1037 3000 1107 3044 me-

198 3084 319 3146 moriae
342 3083 494 3168 prodidit,
516 3083 619 3147 bonus
635 3102 713 3147 vero
737 3082 813 3146 civis
835 3081 961 3166 fideque
978 3102 1107 3164 magna.

167 3207 179 3245 2
199 3186 294 3259 Quod
318 3208 390 3250 cum
413 3188 446 3250 in
468 3188 537 3250 aliis
559 3186 654 3250 rebus
677 3185 851 3249 declaravit
873 3191 942 3249 tum
964 3185 1107 3249 maxime

199 3292 231 3353 in
252 3289 414 3375 Amyntae
436 3290 621 3354 Macedonis
644 3290 752 3353 liberis
775 3289 912 3353 tuendis.
957 3289 1107 3371 Namque

198 3392 376 3476 Eurydice,
400 3400 501 3457 mater
522 3393 697 3457 Perdiccae
721 3399 754 3457 et
776 3392 932 3474 Philippi,
963 3413 1035 3454 cum
1057 3390 1108 3454 his
