2400 3848
480 206 506 246 x.
526 204 604 245 oron
625 206 643 243 o.
978 206 1015 263 55

111 360 235 425 sionem
266 358 378 444 populi
410 362 442 422 et
474 357 583 420 odium
614 355 768 438 militum,
805 334 891 439 duod
926 355 1013 417 nullo

111 463 207 526 modo
233 462 352 525 evitare
368 464 487 544 posset,
510 458 571 522 nisi
594 458 688 548 alicui
704 478 835 521 suorum
850 457 1015 540 negotium

110 669 284 732 invenisset
305 667 467 748 idoneum,
491 667 583 730 facile
602 666 744 729 omnium
767 665 889 728 animos
906 662 1014 746 cogni·
1076 731 1080 739 ,

110 778 216 834 turum
243 770 505 853 adversariosque
535 768 750 850 sublaturum,
780 767 866 852 quod
897 765 1015 830 inimici

110 877 177 938 eius
194 875 359 939 dissidenti
407 894 481 937 suos
505 894 615 937 sensus
632 872 773 956 aperturi
794 872 909 935 forent.
945 869 1015 933 Tali
1037 900 1051 940 a

110 978 240 1042 oonsilio
256 978 391 1062 probato
409 977 538 1059 excepit
553 976 609 1039 has
625 981 732 1058 partes
748 977 815 1059 ipse
830 974 1015 1038 Callicrates

110 1087 199 1145 etse
223 1087 324 1144 armat
347 1079 562 1164 imprudentia
576 1079 700 1143 Dionis.
744 1077 798 1141 Ad
821 1099 895 1141 cum
916 1079 1013 1141 inter-

109 1183 282 1247 ficiundum
306 1183 410 1246 socios
432 1182 598 1265 conquirit,
623 1181 824 1245 adversarios
847 1181 915 1245 eius
938 1201 1014 1243 oon-

108 1287 205 1368 venit,
223 1287 440 1349 coniuratione
457 1285 630 1348 confirmat.
663 1285 739 1366 Res,
758 1285 866 1347 multis
882 1284 1013 1348 consciis
1038 1322 1048 1355 ⁴

110 1410 190 1473 quae
216 1394 383 1472 ageretur,
414 1366 498 1451 elata
522 1388 663 1452 defertur
693 1388 734 1450 ad
757 1387 1014 1469 Aristomachen,

110 1513 253 1556 sororem
275 1491 399 1572 Dionis,
423 1513 621 1575 uxoremque
638 1491 771 1555 Areten.
805 1491 885 1555 Illae
898 1492 1013 1554 timore

108 1595 296 1678 perterritae
310 1595 512 1675 conveniunt,
533 1596 621 1658 ouius
639 1594 678 1659 de
691 1596 832 1678 periculo
849 1594 1013 1658 timebant.

109 1696 154 1759 At
176 1699 230 1761 ille
253 1703 350 1780 negat
373 1719 392 1760 a
416 1698 583 1763 Callicrate
607 1699 676 1763 fieri
707 1700 766 1763 sibi
788 1699 933 1780 insidias,
957 1697 1014 1762 sed

77 1816 78 1820 ’
110 1800 173 1880 illa,
197 1819 278 1883 quae
303 1807 483 1888 agerentur,
506 1801 575 1865 fieri
596 1808 770 1886 praecepto
794 1824 861 1866 suc.
898 1801 1013 1865 Mulie·
1037 1837 1049 1876 ἦ

109 1923 161 1964 res
176 1903 274 1963 nihilo
292 1903 390 1964 setius
407 1903 610 1967 Callicratem
625 1906 658 1967 in
675 1905 790 1969 aedem
800 1906 1013 1988 Proserpinae

112 2002 273 2066 deducunt
302 2025 338 2066 ao
360 2005 464 2068 iurare
490 2013 608 2089 cogunt
634 2008 713 2069 nihil
742 2007 781 2070 ab
804 2007 860 2069 illo
883 2007 1016 2090 periculi

110 2106 180 2169 fore
209 2105 317 2170 Dioni.
362 2107 422 2170 Ille
451 2108 512 2171 hac
539 2110 696 2192 religione
727 2130 792 2172 non
820 2108 918 2172 modo
950 2129 1015 2172 non

111 2213 160 2272 est
183 2207 362 2291 deterritus,
387 2210 444 2273 sed
465 2211 507 2273 ad
521 2212 746 2275 maturandum
768 2212 943 2276 concitatus
966 2216 1015 2274 est

110 2333 235 2395 verens,
257 2334 298 2377 ne
320 2314 407 2397 prius
430 2315 597 2379 consilium
614 2317 791 2401 aperiretur
806 2337 898 2379 suum
920 2335 1014 2399 quam

110 2422 225 2480 conata
246 2417 442 2500 perfecisset.

173 2518 233 2582 IX.
262 2519 334 2583 Hac
364 2527 472 2585 mente
503 2522 652 2606 proximo
683 2523 734 2586 die
764 2524 863 2607 festo,
896 2546 967 2596 cum
995 2546 1048 2603 a2

110 2628 270 2687 conventu
298 2644 332 2687 se
356 2630 516 2688 remotum
537 2625 624 2689 Dion
655 2625 742 2689 domi
770 2632 897 2691 teneret
918 2634 1013 2711 atque

109 2726 141 2787 in
171 2725 314 2789 conclavi
343 2727 429 2790 edito
457 2728 673 2812 recubuisset,
704 2731 837 2794 consciis
865 2730 1012 2794 facinoris

109 2829 182 2890 loca
209 2830 381 2893 munitiora
413 2830 523 2916 oppidi
554 2831 666 2915 tradit,
699 2832 830 2897 domum
861 2832 1012 2896 custodiis

110 2934 221 3015 saepit,
245 2954 264 2996 a
285 2933 406 2998 foribus
430 2937 570 3020 quinon
593 2936 767 3018 discedant,
795 2942 899 3000 certos
920 2956 1012 3020 prae-

109 3037 183 3118 ficit,
206 3058 322 3101 navem
344 3041 510 3104 triremem
533 3041 661 3103 armatis
688 3046 780 3103 ornat
801 3041 1011 3103 Philostrato·
1035 3077 1047 3115 ρ

22 3207 24 3210 ⁴
110 3160 188 3222 que,
217 3139 306 3202 fratri
335 3162 408 3223 suo,
438 3142 535 3205 tradit
565 3164 698 3226 eamque
727 3143 760 3204 in
782 3147 878 3226 portu
900 3143 1014 3225 agitari

109 3243 208 3325 iubet,
230 3249 266 3306 ut
288 3245 315 3308 si
338 3267 490 3310 exercere
513 3248 653 3330 remiges
675 3245 784 3326 vellet,
812 3245 964 3328 cogitans,
987 3248 1014 3310 si

109 3346 192 3410 forte
217 3347 354 3411 consiliis
374 3349 549 3413 obstitisset
571 3350 707 3430 fortuna,
730 3355 765 3410 ut
787 3348 929 3429 haberet,
944 3339 1015 3433 ¹qua
