2400 3848
159 226 198 282 94
463 221 532 260 XVH.
551 220 719 260 romanus.
739 221 759 258 8.

159 371 271 434 tricem
302 370 458 434 habuerat
489 372 521 434 in
552 370 729 434 tribuendis
761 369 857 433 animi
884 366 1066 448 virtutibus,

160 473 205 536 sic
231 474 408 539 maleficam
439 482 550 538 nactus
585 479 633 537 est
665 475 698 537 in
728 492 863 556 corpore
895 468 1066 552 fingendo:

159 599 234 641 nam
256 586 289 642 et
311 585 432 642 statura
460 580 519 642 fuit
540 578 653 641 humili
676 583 709 641 et
731 596 866 660 corpore
891 575 1008 656 exiguo
1033 577 1068 636 et

161 682 291 746 claudus
314 684 414 746 altero
437 682 533 766 pede.
580 681 743 754 Quaeres
766 681 863 743 etiam
878 676 1068 741 nonnullam

144 786 328 874 ,adferebat
352 786 589 849 deformitatem
608 791 703 870 atque
725 785 837 867 ignoti,
860 783 975 846 faciem
997 780 1068 844 eius

162 911 234 954 cum
256 892 470 972 intuerentur,
503 889 766 969 contemnebant,
797 889 851 973 qui
873 892 981 950 autem
1002 885 1071 948 vir—

128 1011 141 1049 Β
162 999 245 1057 tutes
260 999 427 1075 noverant,
442 1015 508 1056 non
523 998 673 1078 poterant
686 992 836 1056 admirari
852 988 936 1055 satis.
971 988 1068 1063 Quod

162 1098 192 1161 ei
222 1119 281 1160 usu
308 1098 412 1178 venit,
446 1118 518 1160 cum
548 1118 703 1160 annorum
733 1096 897 1178 octoginta
925 1091 1067 1157 subsidio

161 1199 268 1264 Tacho
292 1201 325 1263 in
347 1199 535 1284 Aegyptum
563 1200 653 1263 iisset
683 1206 716 1264 et
744 1201 778 1263 in
805 1205 971 1263 actarum
1002 1198 1070 1260 suis

162 1304 360 1368 accubuisset
391 1305 459 1368 sine
491 1304 557 1367 ullo
588 1309 674 1368 tecto
707 1309 903 1388 stratumque
934 1300 1071 1364 haberet

161 1409 242 1490 tale,
274 1415 310 1471 ut
338 1414 424 1472 terra
452 1415 538 1472 tecta
569 1414 654 1472 esset
677 1407 857 1471 stramentis
879 1426 983 1488 neque
1006 1404 1071 1467 buc

162 1513 297 1596 amplius
329 1534 423 1597 quam
446 1514 539 1598 pellis
563 1517 648 1576 esset
677 1512 811 1592 iniecta,
842 1509 975 1589 eodem,
1004 1527 1071 1590 quo

163 1616 296 1678 comites
321 1635 441 1696 omnes,
464 1615 583 1679 vestitu
601 1614 712 1676 humili
735 1620 830 1696 atque
855 1611 1011 1692 obsoleto,
1035 1615 1072 1672 ut

164 1738 276 1781 eorum
292 1724 421 1781 ornatus
444 1739 509 1781 non
539 1717 637 1780 modo
660 1718 693 1780 in
715 1717 765 1781 his
779 1737 892 1799 regem
907 1715 1072 1778 neminem
1134 1706 1136 1710 ’

164 1821 370 1904 significaret,
407 1820 465 1884 sed
496 1822 642 1885 homines
673 1844 742 1886 esse
773 1843 837 1885 non
867 1819 1072 1884 beatissimos

129 1948 142 1987 a
164 1923 376 2006 suspicionem
397 1924 576 2007 praeberet.
621 1924 727 1987 Huius
752 1924 791 1988 de
814 1923 954 1987 adventu
984 1921 1072 2000 fama

164 2047 236 2089 cum
267 2025 307 2089 ad
336 2027 443 2109 regios
473 2033 557 2091 esset
585 2029 724 2111 perlata,
758 2029 905 2092 celeriter
936 2047 1072 2090 munera

164 2151 203 2194 eo
227 2130 379 2212 cuiusque
396 2131 522 2213 generis
538 2137 611 2193 sunt
627 2132 732 2195 allata.
766 2131 827 2195 His
844 2129 1072 2216 quaerentibus

163 2233 350 2315 Agesilaum
379 2235 434 2296 vix
456 2235 536 2297 fides
558 2237 641 2298 facta
670 2244 718 2300 est
740 2258 839 2299 unum
862 2257 932 2299 esse
956 2256 999 2299 ex
1020 2235 1070 2318 iis,

129 2362 142 2398 4
165 2337 217 2419 qui
240 2343 307 2399 tum
324 2338 528 2401 accubabant.
568 2339 629 2412 Qui
653 2361 725 2402 cum
747 2340 832 2422 regis
847 2339 963 2419 verbis,
987 2358 1070 2422 quae

164 2441 350 2521 attulerant,
385 2441 564 2523 dedissent,
595 2442 649 2506 ille
681 2449 808 2527 praeter
838 2443 1006 2506 vitulinam
1037 2449 1071 2506 et

163 2542 232 2606 eius
260 2542 350 2605 modi
381 2564 501 2626 genera
523 2545 663 2626 obsonii,
697 2567 778 2628 quae
807 2567 958 2631 praesens
986 2551 1069 2608 tem·

163 2667 222 2729 pus
246 2645 459 2728 desiderabat,
482 2648 560 2710 nihil
576 2650 714 2733 accepit:
738 2657 912 2732 unguenta,
934 2670 1070 2713 coronas

163 2750 399 2834 secundamque
435 2773 578 2815 mensam
613 2754 713 2816 servis
751 2753 923 2836 dispertiit,
962 2759 1071 2816 cetera

130 2885 142 2921 ⁶
164 2853 276 2916 referri
297 2853 396 2917 iussit.
431 2854 500 2928 Quo
517 2857 600 2919 facto
625 2878 699 2920 eum
714 2858 839 2920 barbari
853 2859 955 2941 magis
971 2858 1069 2921 etiam

164 2962 440 3039 contempserunt,
480 2958 566 3041 quod
598 2981 672 3022 eum
702 2961 883 3043 ignorantia
912 2961 1069 3024 bonarum

164 3079 269 3121 rerum
297 3059 352 3122 illa
386 3061 586 3143 potissimum
617 3066 788 3148 sumpsisse
824 3064 1067 3129 arbitrabantur.

130 3161 241 3242 cHio,
271 3183 343 3224 curn
375 3185 417 3226 ex
448 3164 600 3249 Aegypto
636 3173 852 3231 reverteretur
885 3167 1021 3230 donatus
1049 3189 1069 3230 a

163 3285 240 3346 rege
263 3265 483 3332 Nectanabide
509 3269 653 3333 ducentis
676 3270 789 3353 viginti
811 3270 955 3350 talentis,
986 3291 1068 3354 quae

165 3367 217 3430 ille
249 3369 374 3431 muneri
407 3372 526 3454 populo
560 3394 617 3435 suo
652 3373 758 3453 daret,
794 3373 997 3455 venissetque
1035 3373 1069 3435 in
