2400 3848
440 214 507 254 xxv.
526 215 653 254 armeus.
672 216 691 255 a.
704 217 724 255 r.
980 219 1035 276 135

131 359 250 426 debere
272 382 384 444 passus
406 361 456 425 sit.
502 361 598 435 Quod
612 369 782 447 utrumque
801 369 870 428 erat
891 365 928 428 iis
951 365 1034 428 salu·
1056 394 1070 432 c

130 468 216 529 tare:
238 485 314 529 nam
334 485 439 548 neque
455 465 652 549 indulgendo
668 468 902 555 inveterascere
924 489 1037 532 eorum

130 587 186 632 aes
201 568 340 631 alienum
354 568 535 649 patiebatur
550 590 654 650 neque
671 571 918 654 multiplicandis
933 572 1036 634 usuris

130 689 285 734 crescere.
329 668 432 734 Auxit
459 672 522 735 hoc
546 673 685 737 officium
715 675 776 738 alia
806 696 932 760 quoque
955 675 1072 743 libe-c

130 774 275 840 ralitate:
298 795 373 839 nam
395 776 561 840 universos
583 777 742 842 frumento
768 778 913 861 donavit,
935 778 1037 841 itaut

130 876 264 960 singulis
292 879 361 943 seni
389 879 490 943 modii
512 880 609 944 tritici
639 880 805 944 darentur:
838 881 892 966 qui
922 880 1036 943 modus

130 1001 299 1046 mensurae
322 981 502 1047 medimnus
525 982 661 1048 Athenis
684 985 873 1069 appellatur.

195 1083 257 1148 HI.
286 1085 350 1149 Hic
373 1091 480 1149 autem
503 1087 547 1151 sic
570 1106 604 1151 so
626 1087 770 1169 gerebat,
801 1093 837 1150 ut
860 1087 1037 1152 communis
1058 1112 1070 1151 1

130 1187 256 1269 infimis,
275 1208 334 1273 par
349 1188 542 1272 principibus
557 1188 731 1253 videretur.
755 1188 826 1262 Quo
843 1189 1037 1271 factumest,

131 1296 168 1355 ut
194 1289 268 1355 huic
298 1311 408 1355 omnes
436 1291 592 1375 honores,
623 1313 702 1376 quos
731 1298 879 1375 possent,
909 1292 1037 1377 pubhoe

131 1392 288 1457 haberent
310 1395 474 1476 civemque
504 1395 610 1460 facere
634 1395 815 1460 studerent:
845 1415 907 1479 quo
937 1395 1037 1458 bene·

130 1496 204 1561 ficio
241 1497 296 1562 ille
333 1498 381 1562 uti
414 1498 534 1581 noluit,
573 1499 660 1584 quod
696 1519 762 1563 non
795 1498 886 1562 illum
917 1497 1039 1561 latebat

132 1600 237 1664 amitti
267 1600 428 1664 civitatem
456 1600 637 1666 Romanam
668 1601 730 1664 alia
758 1599 887 1666 adscita.
934 1599 1072 1673 Quamr

132 1705 189 1770 diu
211 1705 320 1788 adfuit,
343 1728 384 1771 ne
408 1728 471 1792 qua
493 1707 552 1770 sibi
577 1711 681 1769 statua
702 1710 887 1789 poneretur,
912 1705 1038 1787 restitit,

133 1809 247 1873 absens
268 1809 439 1894 prohibere
461 1829 528 1872 non
548 1808 662 1891 potuit.
706 1806 819 1892 Itaque
836 1807 957 1891 aliquot
977 1805 1039 1889 ipsi

131 1910 256 1996 effigies
271 1912 363 1976 'locis
390 1912 594 1977 sanctissimis
616 1919 808 1998 posuerunt:
839 1912 924 1974 hunc
952 1909 1038 1974 enim

129 2022 164 2085 in
186 2021 274 2084 omni
294 2020 518 2106 procuratione
548 2020 596 2082 rei
624 2018 771 2102 publicae
794 2024 937 2081 actorem
961 2038 1035 2081 auo·

130 2130 298 2208 toremque
320 2121 490 2185 habebant.
534 2119 636 2204 Igitur
658 2121 798 2205 primum
819 2119 899 2182 illud
921 2139 1070 2188 munusa

129 2227 287 2307 fortunae,
311 2224 397 2309 quod
421 2224 455 2286 in
477 2244 515 2288 ea
536 2223 739 2308 potissimum
760 2222 839 2285 urbe
861 2227 954 2285 nasus
977 2227 1035 2305 est,

129 2330 248 2415 inqua
271 2327 467 2401 domicilium
497 2325 581 2389 orbis
604 2330 762 2388 terrarum
792 2329 877 2387 esset
899 2324 1035 2408 imperii,

129 2437 167 2497 ut
189 2431 325 2496 eandem
354 2437 388 2496 et
415 2430 551 2514 patriam
578 2428 712 2494 haberet
741 2433 774 2493 et
797 2427 944 2492 domum:
975 2428 1037 2492 hoc

129 2537 294 2622 specimen
312 2534 513 2620 prudentiae,
536 2531 633 2617 quod,
657 2552 729 2596 cum
750 2532 785 2597 in
808 2553 879 2596 eam
901 2553 936 2598 se
960 2532 1036 2596 eivi-

130 2644 231 2704 tatem
260 2638 460 2719 contulisset,
493 2656 574 2721 quae
604 2635 809 2720 antiquitate,
840 2635 1036 2699 humanitate

131 2742 340 2826 doctrinaque
362 2743 540 2825 praestaret
569 2758 696 2821 omnes,
727 2760 809 2802 unus
838 2739 870 2803 ei
896 2737 956 2801 fuit
985 2758 1036 2800 oa-

130 2866 283 2911 rrssrmus.
583 2898 584 2904 ,

195 2947 255 3012 IV.
283 2947 357 3010 Huc
387 2966 430 3009 ex
457 2942 537 3008 Asia
566 2943 654 3008 Sulla
685 2940 846 3007 decedens
877 2962 951 3004 cum
981 2963 1070 3010 ve-2

130 3051 241 3134 nisset,
261 3071 357 3134 quam
380 3047 434 3112 diu
456 3047 500 3110 ibi
527 3046 602 3128 fuit,
633 3065 741 3108 secum
763 3042 874 3107 habuit
894 3041 1037 3127 Pompo-

130 3153 237 3236 nium,
260 3158 370 3237 captus
394 3149 608 3213 adulescentis
631 3154 664 3212 et
685 3147 882 3211 humanitate
905 3151 938 3210 et
961 3145 1036 3210 doo-

130 3257 223 3321 trina.
268 3255 319 3320 Sic
349 3254 435 3319 enim
459 3252 583 3317 Graece
605 3251 812 3336 loquebatur,
844 3254 879 3312 ut
900 3248 1037 3313 Athenis

130 3364 224 3424 natus
232 3357 412 3424 videretur:
433 3361 522 3419 tanta
533 3361 642 3420 autem
651 3355 789 3420 suavitas
804 3358 872 3417 erat
881 3354 1038 3417 sermonis

841 3457 856 3506 8
865 3452 881 3487 *b
