2400 3848
172 245 208 302 78
464 241 509 281 XV.
531 241 746 282 EPAMINONDAS.
766 243 784 282 5.

170 412 252 474 quae
284 389 443 454 Thebanis
481 394 555 453 sunt
590 390 697 472 utilia,
735 391 834 473 gratis
868 389 975 455 faeere
1005 412 1078 454 sum

169 500 314 580 paratus;
351 494 401 558 sin
430 500 538 557 autem
569 494 745 576 contraria,
782 515 848 558 non
879 494 977 558 habet
1007 495 1077 557 auri

169 604 265 682 atque
288 598 412 681 argenti
435 597 520 661 satis.
564 597 711 681 Namque
739 597 823 661 orbis
846 603 1004 662 terrarum
1027 597 1076 660 di·

135 702 261 767 avitias
298 702 443 786 accipere
476 701 554 764 nolo
590 721 649 784 pro
686 701 807 784 patriae
841 701 981 764 caritate.
1026 700 1077 764 Tu

169 807 255 891 quod
277 827 329 870 me
352 805 550 888 incognitum
568 806 699 868 tentasti
721 806 830 888 tuique
847 805 983 868 similem
1006 804 1075 869 exi·

169 910 313 993 stimasti,
335 929 401 972 non
413 909 512 972 miror
526 907 646 992 tibique
663 908 812 990 ignosoo;
836 908 894 972 sed
918 908 1075 991 egredere

168 1033 322 1098 propere,
352 1034 392 1077 ne
421 1013 501 1076 alios
524 1033 724 1096 corrumpas,
753 1033 825 1075 oum
853 1033 905 1076 me
927 1033 993 1076 non
1014 1033 1075 1097 po-

168 1117 276 1182 tueris.
318 1115 361 1180 Et
375 1122 420 1199 tu,
444 1117 596 1201 Micythe,
620 1123 789 1200 argentum
803 1117 877 1180 huic
891 1116 992 1181 redde
1009 1120 1075 1197 aut,

167 1222 227 1285 nisi
242 1221 276 1285 id
292 1222 459 1287 confestim
475 1221 562 1305 facis,
586 1242 647 1305 ego
663 1226 696 1286 te
711 1221 837 1284 tradam
852 1218 1075 1304 magistratui.‘

133 1327 263 1392 4Hunc
299 1326 485 1392 Diomedon
523 1348 595 1390 cum
624 1334 773 1410 rogaret,
810 1333 846 1390 ut
878 1333 948 1390 tuto
983 1326 1075 1389 exire

167 1453 296 1516 suaque,
320 1453 400 1516 quae
422 1431 582 1513 attulerat,
606 1431 718 1494 liceret
734 1429 859 1510 efferre,
885 1429 980 1512 ,istud
1003 1427 1075 1512 qui-

168 1532 252 1598 dem‘
275 1535 378 1619 inquit
408 1535 545 1615 ,faciam
569 1554 673 1617 neque
696 1539 752 1597 tua
774 1554 885 1614 causa,
909 1533 967 1598 sed
989 1554 1074 1616 mea,

167 1659 224 1718 ne,
252 1638 279 1701 si
300 1637 357 1700 tibi
380 1636 420 1698 sit
442 1637 578 1721 pecunia
588 1615 766 1721 adempta,
797 1637 909 1721 aliquis
933 1636 1018 1700 dicat
1039 1637 1075 1700 id

167 1739 208 1804 ad
224 1762 275 1804 me
292 1744 438 1824 ereptum
452 1740 646 1823 pervenisse,
668 1740 755 1823 quod
772 1739 913 1804 delatum
928 1741 1075 1825 accipere

132 1867 145 1905 s
166 1840 359 1907 noluissem‘.
393 1842 425 1905 A
448 1863 510 1926 quo
528 1863 601 1906 cum
617 1844 801 1927 quaesisset,
826 1865 888 1929 quo
904 1866 939 1909 se
957 1844 1074 1907 deduci

166 1947 274 2027 vellet,
298 1953 331 2013 et
352 1948 407 2011 ille
422 1947 568 2011 Athenas
588 1947 731 2030 dixisset,
754 1947 949 2032 praesidium
973 1947 1073 2031 dedit,

166 2057 202 2114 ut
224 2058 292 2115 tuto
313 2052 506 2136 perveniret.
551 2051 665 2134 Neque
690 2071 766 2114 vero
799 2050 833 2113 id
855 2051 929 2113 satis
952 2050 1074 2134 habuit,

164 2157 222 2220 sed
245 2158 351 2240 etiam,
381 2164 417 2222 ut
439 2159 611 2223 inviolatus
634 2160 668 2224 in
690 2182 807 2225 navem
831 2161 1074 2242 conscenderet,

163 2280 222 2343 per
246 2259 418 2324 Chabriam
439 2259 684 2344 Atheniensem,
712 2262 752 2327 de
777 2282 839 2346 quo
864 2283 960 2347 supra
981 2284 1072 2327 men-

164 2361 285 2425 tionem
315 2361 465 2445 fecimus,
498 2364 615 2428 effecit.
659 2365 885 2429 Abstinentiae
918 2366 979 2430 erit
1010 2366 1074 2431 hoc

129 2488 142 2526 s
164 2464 239 2526 satis
254 2465 483 2529 testimonium.
511 2467 653 2531 Plurima
677 2468 808 2552 quidem
828 2469 972 2552 proferre
996 2489 1072 2551 pos·

163 2586 280 2646 sumus,
303 2565 361 2629 sed
383 2569 500 2631 modus
523 2568 724 2633 adhibendus
748 2576 805 2653 est,
830 2570 981 2654 quoniam
1005 2593 1072 2635 uno

163 2669 226 2732 hoc
262 2667 426 2734 volumine
464 2672 693 2735 excellentium
727 2673 869 2736 virorum
907 2674 1072 2756 complere

168 2771 337 2834 concilium
353 2774 530 2855 statuimus,
551 2796 686 2858 quorum
703 2777 873 2858 separatim
890 2775 972 2841 vitas
987 2777 1070 2840 mul·

166 2873 207 2936 tis
240 2873 368 2937 milibus
402 2896 551 2940 versuum
581 2879 762 2962 complures
792 2879 964 2962 scriptores
995 2883 1071 2942 ante

166 2997 225 3042 nos
249 2978 459 3060 explicarunt.

130 3113 141 3151 1
227 3085 268 3149 V.
298 3084 374 3148 Fuit
391 3084 488 3147 etiam
508 3082 653 3164 disertus,
676 3087 711 3145 ut
733 3101 828 3145 nemo
853 3082 883 3144 ei
898 3080 1071 3143 Thebanus

163 3210 221 3273 par
244 3193 329 3251 esset
351 3186 551 3271 eloquentia,
580 3207 685 3269 neque
709 3186 812 3248 minus
836 3184 1008 3249 concinnus
1037 3183 1070 3246 in

163 3291 320 3355 brevitate
336 3288 553 3374 respondendi
576 3310 671 3373 quam
688 3289 722 3352 in
744 3292 901 3372 perpetua
924 3287 1070 3350 oratione

130 3427 142 3463 2
166 3398 304 3455 ornatus.
342 3392 465 3455 Habuit
482 3390 729 3455 obtrectatorem
743 3389 947 3454 Menecliden
969 3409 1068 3472 quen·
