2400 3848
423 245 493 285 xvrr.
513 243 680 284 suasimus.
698 244 718 282 a
992 243 1028 298 gp

122 400 158 458 ut
188 415 300 458 omnes
327 394 501 479 imparatos
523 393 806 479 imprudentesque
837 391 1028 456 offenderet.

66 548 72 572 ,
122 496 163 561 Id
193 503 230 560 ut
258 498 409 580 cognovit
431 498 676 585 Tissaphernes,
707 498 760 582 qui
789 516 948 559 summum
970 495 1063 556 im-s

84 608 86 613 '
122 599 248 684 perium
269 605 338 663 tum
360 601 443 665 inter
465 600 646 685 praefectos
667 600 808 663 habebat
829 600 952 683 regios,
983 599 1030 660 in·

125 701 229 766 dutias
252 725 271 768 a
291 704 418 769 Lacone
433 705 547 788 petivit
563 705 715 768 simulans
730 692 772 767 'se
797 703 873 767 dare
890 724 1031 788 operam,

124 812 161 870 ut
182 807 446 871 Lacedaemoniis
471 828 543 870 oum
558 828 635 890 rege
652 806 848 890 conveniret,
870 827 906 869 re
925 811 1032 868 autem

124 931 202 975 vera
223 910 264 974 ad
293 911 401 996 copias
425 911 670 995 comparandas3
704 932 820 995 easque
850 909 1033 994 impetravit

123 1016 332 1079 trimenstres.
377 1013 499 1078 Iuravit
521 1020 629 1078 autem
648 1020 782 1098 uterque
806 1035 840 1078 se
864 1015 931 1077 sine
955 1012 1030 1075 dolo
1053 1045 1066 1082 4

124 1118 262 1181 indutias
278 1124 551 1183 conservaturum.
596 1118 636 1182 In
658 1139 720 1203 qua
736 1119 884 1203 pactione
908 1137 1033 1181 summa

127 1223 190 1288 fide
212 1224 329 1286 mansit
351 1221 538 1304 Agesilaus:
570 1225 680 1284 contra
701 1212 931 1305 Tissaphernes
952 1223 1033 1287 nihil

128 1325 214 1390 aliud
249 1346 344 1410 quam
381 1327 500 1390 bellum
537 1324 743 1409 comparavit.
795 1324 834 1387 Id
868 1328 928 1390 etsi
962 1348 1066 1390 san-s

127 1429 227 1493 tiebat
252 1427 357 1511 Laco',
389 1435 497 1492 tamen
526 1426 746 1491 iusiurandum
775 1427 923 1490 servabat
949 1429 1031 1491 mul·

127 1539 259 1617 tumque
289 1535 386 1599 inco
409 1557 443 1600 se
468 1537 620 1619 consequi
643 1534 784 1617 dicebat,
817 1533 903 1620 quod
931 1532 1033 1596 Tissa-

127 1637 267 1721 phernes
289 1639 429 1721 periurio
461 1661 518 1703 suo
552 1647 585 1704 et
606 1640 753 1704 homines
776 1639 840 1702 suis
862 1638 957 1702 rebus
980 1637 1034 1700 ab·

129 1740 284 1803 alienaret
316 1747 348 1804 et
371 1741 449 1806 deos
473 1744 532 1806 sibi
554 1745 652 1806 iratos
674 1744 841 1823 redderet,
869 1763 903 1805 se
927 1747 1035 1805 autem

130 1849 318 1907 conservata
345 1846 502 1929 religione
527 1847 713 1911 confirmare
740 1847 932 1927 exercitum,
963 1865 1035 1908 cum

130 1944 401 2010 animadverteret
412 1946 543 2010 deorum
554 1948 788 2012 numeniacere
801 1969 909 2012 secum
931 1948 1034 2010 homi·

129 2055 250 2132 nesque
273 2049 334 2112 sibi
350 2050 511 2113 conciliari
534 2052 710 2132 amiciores,
735 2050 823 2135 quod
845 2051 883 2113 iis
904 2047 1034 2113 studere

130 2163 348 2235 consuessent,
373 2175 452 2238 quos
476 2175 665 2218 conservare
688 2153 786 2217 fidem
808 2153 964 2218 viderent.

193 2254 255 2319 III.
290 2255 465 2340 Postquam
510 2256 705 2322 indutiarum
749 2258 915 2342 praeteriit
956 2256 1068 2338 dies,1

129 2359 280 2423 barbarus
296 2381 362 2425 non
379 2361 535 2444 dubitans,
559 2362 646 2446 quod
668 2362 766 2446 ipsius
790 2366 881 2426 erant
899 2361 1037 2446 plurima

131 2463 292 2527 domicilia
307 2465 340 2527 in
355 2464 449 2528 Caria
466 2472 499 2529 et
515 2467 656 2550 carogio
673 2467 711 2529 iis
726 2466 925 2550 temporibus
935 2466 1035 2528 multo

128 2568 300 2652 putabatur
330 2569 597 2654 locupletissima,
631 2590 669 2633 eo
699 2571 899 2654 potissimum
928 2569 1036 2632 hostes

129 2673 286 2756 impetum
308 2673 463 2756 facturos,
489 2696 599 2738 omnes
623 2694 695 2737 suas
719 2674 826 2758 copias
849 2694 888 2738 eo
911 2679 1035 2736 contra-

129 2781 232 2839 xerat.
276 2777 322 2839 At
350 2775 521 2859 Agesilaus
549 2779 584 2842 in
611 2778 787 2863 Phrygiam
817 2799 851 2841 se
882 2777 1070 2848 convertit2

132 2901 266 2963 eamque
282 2881 369 2964 prius
387 2879 598 2964 depopulatus
618 2887 674 2964 est,
698 2902 794 2965 quam
810 2879 1036 2962 Tissaphernes

131 3003 264 3066 usquam
302 3003 336 3046 se
373 2989 529 3046 moveret.
573 2983 692 3066 Magna
728 2982 850 3066 praeda
885 2981 1036 3045 militibus

130 3085 333 3169 locupletatis
348 3084 512 3168 Ephesum
525 3085 700 3149 hiematum
715 3086 893 3150 exercitum
908 3083 1038 3147 reduxit

130 3196 226 3274 atque
255 3188 301 3253 ibi
327 3188 458 3252 officinis
488 3209 649 3252 armorum
678 3188 828 3251 institutis
850 3207 967 3269 magna
988 3187 1036 3250 in·

132 3293 254 3356 dustria
274 3292 395 3356 bellum
418 3295 591 3377 apparavit.
636 3292 679 3357 Et
704 3313 767 3377 quo
791 3291 964 3355 studiosius
987 3312 1035 3354 ar·

130 3403 293 3460 morentur
315 3396 531 3481 insigniusque
563 3403 765 3478 ornarentur,
797 3395 939 3479 praemia
960 3415 1035 3479 pro-
