2400 3848
167 231 222 289 104
471 227 552 269 xvrrr.
571 226 714 268 numanus.
735 227 766 266 11.

130 383 272 445 atamen
305 379 440 441 multum
472 377 617 461 profecit.
670 375 753 438 Nam
787 373 907 437 invidia
943 371 1070 454 ducum,

165 501 236 544 cum
260 480 373 564 quibus
403 485 486 562 erat,
517 479 714 564 perfidiaque
737 478 951 542 Macedonum
979 482 1070 541 rete-

163 604 324 666 ranorum,
348 604 420 646 oum
435 583 580 667 superior
602 581 726 665 proelio
747 579 953 661 discessisset,
976 577 1070 642 Anti·

163 707 249 770 gono
286 694 334 751 est
369 685 513 769 deditus,
551 706 623 749 cum
657 685 817 748 exereitus
851 683 881 748 ei
913 689 964 748 ter
996 687 1070 747 ante

164 791 317 875 separatis
338 790 536 873 temporibus
552 789 687 851 iurasset
709 809 743 850 se
768 808 842 850 eum
866 786 1072 850 defensurum

163 915 268 978 neque
290 914 442 977 umquam
458 892 669 957 deserturum.
706 889 779 953 *Sed
802 894 891 953 tanta
908 889 968 953 fuit
989 908 1070 952 non·

164 998 324 1061 nullorum
346 997 470 1061 virtutis
495 996 701 1078 obtrectatio,
733 1000 768 1057 ut
796 994 894 1058 fidem
923 994 1071 1056 amittere

130 1101 297 1168 amallent
328 1121 421 1184 quam
454 1120 528 1163 eum
558 1119 624 1162 non
654 1098 802 1183 perdere.
846 1097 955 1181 Atque
986 1096 1071 1159 hunc

163 1203 362 1287 Antigonus,
395 1224 466 1267 cum
490 1205 520 1267 ei
542 1203 653 1267 fuisset
675 1202 912 1284 infestissimus,
943 1222 1071 1265 conser-

163 1314 284 1389 vasset,
314 1309 340 1370 si
362 1329 420 1391 per
443 1327 517 1370 suos
541 1313 625 1371 esset
648 1306 785 1388 licitum,
809 1304 896 1390 quod
919 1305 958 1367 ab
982 1304 1070 1367 nullo

164 1431 198 1474 se
221 1411 292 1494 plus
316 1409 459 1474 adiuvari
487 1431 582 1494 posse
605 1410 814 1494 intellegebat
843 1411 876 1473 in
904 1408 941 1472 iis
964 1408 1071 1491 rebus,

165 1535 241 1597 quas
264 1514 450 1597 impendere
473 1515 537 1577 iam
557 1515 732 1599 apparebat
760 1514 916 1578 omnibus.
960 1513 1071 1576 Immi-

163 1616 282 1679 nebant
305 1617 389 1679 enim
413 1616 582 1699 Seleucus,
605 1617 831 1702 Lysimachus,
854 1617 1072 1699 Ptolemaeus,

165 1719 277 1802 opibus
299 1720 362 1782 iarn
385 1720 545 1802 valentes,
578 1741 650 1784 cum
673 1722 785 1806 quibus
816 1722 846 1785 ei
876 1721 915 1784 de
940 1721 1072 1785 summis

127 1823 258 1890 rrebus
291 1828 359 1886 erat
383 1822 607 1888 dimicandum.
653 1825 718 1888 Sed
749 1846 814 1888 non
837 1825 922 1908 passi
944 1830 1016 1887 sunt
1038 1824 1071 1906 ii,

164 1928 217 2011 qui
240 1928 323 1990 circa
346 1933 451 2008 erant,
482 1927 568 2012 quod
597 1927 749 1992 ridebant
771 1929 916 1991 Eumene
938 1932 1070 2011 recepto

165 2051 275 2095 omnes
297 2052 374 2115 prae
397 2032 453 2094 illo
469 2032 561 2115 parvi
576 2033 708 2095 futuros.
753 2031 828 2116 Ipse
852 2035 960 2094 autem
976 2029 1071 2093 Anti·

163 2154 266 2217 gonus
298 2133 380 2198 adeo
414 2140 482 2197 erat
512 2135 676 2216 incensus,
709 2140 745 2196 ut
775 2135 837 2198 nisi
867 2154 984 2218 magna
1014 2154 1071 2218 spe

163 2240 374 2301 maximarum
396 2259 503 2302 rerum
526 2239 619 2301 leniri
640 2259 706 2301 non
727 2243 846 2322 posset.

131 2370 141 2407 ι
228 2339 287 2402 ΧΙ.
315 2340 429 2424 Itaque
460 2361 531 2403 oum
561 2362 635 2404 eum
664 2341 697 2403 in
720 2342 897 2405 custodiam
930 2341 1073 2408 dedisset

165 2447 197 2505 et
218 2441 399 2525 praefectus
418 2444 586 2508 custodum
609 2445 795 2529 quaesisset,
819 2445 978 2530 quemad
1001 2467 1072 2510 mo-

167 2544 241 2607 dum
264 2546 384 2608 servari
405 2546 519 2628 vellet,
561 2552 607 2630 ,ut
629 2546 828 2611 acerrimum‘
858 2550 961 2634 inquit
991 2550 1071 2632 ,leo-

164 2667 239 2710 nem
254 2652 308 2708 aut
325 2646 555 2710 ferocissimum
571 2647 803 2730 elephantum‘:
826 2651 970 2715 nondum
986 2654 1073 2718 enim

129 2781 144 2817 a
164 2755 327 2832 statuerat,
344 2757 549 2815 conservaret
564 2772 638 2815 eum
652 2773 763 2816 necne.
786 2752 948 2818 Veniebat
963 2763 1072 2822 autem

165 2853 206 2916 ad
227 2854 407 2917 Eumenem
434 2859 603 2938 utrumque
627 2875 729 2938 genus
752 2839 933 2941 hominum,
963 2863 1071 2945 etqui

164 2965 296 3043 propter
325 2961 434 3025 odium
461 2961 599 3025 fructum
628 2961 728 3026 oculis
757 2982 800 3024 ex
822 2962 889 3025 eius
919 2984 994 3028 casu
1017 2985 1069 3028 ca·

164 3081 240 3144 pere
268 3062 403 3144 vellent,
433 3064 541 3147 etqui
569 3068 702 3147 propter
724 3070 866 3127 veterem
896 3066 1070 3130 amicitiam

164 3164 283 3246 alloqui
311 3166 532 3250 consolarique
556 3174 727 3250 cuperent,
756 3167 850 3230 multi
872 3168 986 3249 etiam,
1015 3168 1070 3252 qui

144 3264 233 3330 :eius
263 3267 398 3330 formam
430 3289 624 3351 cognoscere
655 3270 843 3353 studebant,
875 3292 970 3355 quem
1002 3278 1069 3334 tam

165 3371 222 3439 diuv
248 3378 377 3455 tamque
406 3372 500 3437 valde
530 3375 728 3455 timuissent,
757 3374 846 3437 cuius
867 3372 900 3435 in
926 3375 1068 3454 pernicie
