2400 3848
421 218 479 256 x1v.
500 215 643 255 aurnuns.
664 216 695 255 ro.
840 241 842 248 Α
971 219 1007 275 73

87 363 280 428 amicorum
301 372 390 429 erant
405 388 556 431 numero:
581 367 622 433 de
644 369 758 454 quibus
781 367 867 453 quod
889 367 1009 457 inimici

106 465 296 548 detulerant,
319 488 423 552 neque
440 469 637 534 credendum
651 491 756 555 neque
771 470 1009 554 neglegendum

105 570 244 656 putarit:
268 571 406 654 experiri
421 573 531 654 voluit,
554 593 666 636 verum
681 573 838 638 falsumne
854 572 913 637 sibi
925 577 1010 638 esset

104 675 252 740 relatum.
288 674 401 758 Itaque
426 695 464 738 eo
487 676 649 759 profectus
671 681 729 758 est,
752 676 785 739 in
808 697 870 762 quo
894 676 1042 740 itineres

105 778 227 842 futuras
248 778 379 843 insidias
402 779 560 843 dixerant.
605 779 670 845 Sed
692 780 791 864 elegit
814 800 949 864 corpore
972 799 1010 842 ao

107 887 227 945 statura
248 883 442 946 simillimum
464 883 512 946 sui
535 884 629 968 eique
645 885 796 948 vestitum
812 905 905 947 suum
921 882 1011 947 dedit
1109 945 1113 959 ,

106 991 201 1070 atque
234 1006 274 1050 eo
303 986 375 1048 loco
405 987 468 1067 ire,
501 1007 563 1071 quo
595 987 664 1069 ipse
688 991 872 1069 consuerat,
904 986 1009 1050 iussit:

75 1123 77 1129 π
104 1091 173 1174 ipse
209 1096 316 1154 autem
352 1095 465 1153 ornatu
501 1090 630 1152 militari
663 1091 748 1153 inter
782 1090 924 1174 corporis
956 1109 1010 1153 ou·

106 1192 215 1256 stodes
237 1193 298 1256 iter
320 1192 426 1256 faeere
450 1193 566 1276 eoepit.
611 1193 657 1256 At
678 1192 890 1276 insidiatores,
920 1198 1009 1278 post·
1031 1221 1043 1254 4

106 1318 201 1381 quam
232 1297 265 1359 in
296 1317 371 1360 eum
401 1295 508 1359 locum
540 1317 656 1380 agmen
687 1298 850 1382 pervenit,
884 1295 1011 1381 decepti
1080 1325 1081 1328 ¹

107 1400 218 1463 ordine
251 1404 346 1484 atque
380 1399 498 1464 vestitu
527 1400 684 1485 impetum
714 1402 749 1465 in
778 1421 852 1464 eum
881 1400 1010 1485 faciunt,

107 1504 161 1588 qui
184 1505 366 1588 suppositus
389 1508 467 1568 erat.
511 1502 724 1568 Praedixerat
755 1510 862 1569 autem
882 1505 922 1568 iis
943 1504 1010 1568 Da-

106 1614 219 1690 tames,
242 1629 313 1672 cum
336 1608 450 1692 quibus
472 1608 533 1672 iter
553 1607 700 1690 faciebat,
722 1614 758 1672 ut
779 1606 883 1692 parati
905 1613 1011 1672 essent

106 1709 227 1794 facere,
257 1711 344 1796 quod
365 1712 469 1795 ipsum
490 1710 655 1775 vidissent.
699 1711 790 1795 Ipse,
818 1715 855 1774 ut
877 1731 1010 1775 concur·
1032 1741 1044 1778 r

106 1820 215 1878 rentes
236 1815 438 1879 insidiatores
461 1815 601 1878 animum
624 1814 777 1895 advertit,
807 1814 874 1878 tela
899 1814 1011 1878 ineos

108 1917 254 1980 coniecit.
289 1916 363 1981 Hoc
377 1917 465 1982 idem
482 1938 554 1981 eum
569 1918 710 1981 universi
725 1917 884 1999 fecissent,
908 1918 1010 2001 prius·

109 2040 205 2103 quam
218 2020 424 2104 pervenirent
439 2019 481 2084 ad
496 2041 580 2103 eum,
595 2040 691 2104 quem
706 2013 1011 2102 aggredi'volebanc,

110 2123 226 2185 confixi
249 2123 465 2187 conciderunt.

172 2225 214 2289 X.
244 2226 308 2290 Hic
330 2232 439 2292 tamen
460 2233 526 2290 tam
542 2226 674 2308 callidus
696 2227 744 2290 vir
760 2231 905 2290 extremo
929 2233 1045 2292 tem-1

107 2349 186 2413 pore
199 2335 309 2413 captus
325 2335 374 2394 est
383 2329 586 2412 Mithridatis,
602 2329 827 2394 Ariobarzanis
840 2330 907 2412 filii,
924 2330 1011 2394 dolo.

108 2433 253 2519 Namque
276 2433 303 2496 is
324 2433 485 2518 pollicitus
511 2439 561 2497 est
581 2433 652 2517 regi
673 2453 707 2497 se
732 2453 805 2496 eum
826 2433 1010 2497 interfectu-

108 2557 193 2618 rum,
218 2537 245 2601 si
265 2559 326 2601 rex
347 2538 563 2621 permitteret,
585 2542 631 2619 ut,
657 2536 880 2621 quodcumque
901 2537 1010 2619 vellet,

107 2640 220 2705 liceret
241 2642 370 2726 impune
400 2642 524 2724 facere,
552 2640 714 2725 fidemque
738 2640 778 2704 de
803 2662 841 2706 ea
861 2661 897 2705 re
920 2662 1010 2704 more

107 2744 276 2808 Persarum
312 2743 426 2807 dextra
458 2742 609 2808 dedisset.
653 2743 747 2806 Hanc
776 2749 814 2806 ut
843 2742 966 2826 accepit
993 2764 1045 2813 a2

108 2867 186 2929 rege
208 2847 352 2928 missam,
385 2847 493 2929 copias
520 2852 613 2930 parat
641 2852 676 2911 et
704 2847 818 2910 absens
840 2845 1011 2910 amicitiam

109 2969 182 3012 cum
196 2947 333 3011 Datame
348 2949 439 3029 facit;
462 2949 548 3032 regis
563 2949 743 3032 provincias
758 2954 865 3030 vexat,
881 2949 1013 3013 castella

109 3055 284 3136 expugnat,
305 3070 437 3134 magnas
459 3051 596 3134 praedas
619 3052 718 3135 capit,
741 3072 874 3136 quarum
895 3053 1012 3136 partim

109 3156 173 3219 suis
205 3153 351 3238 dispertit
380 3155 496 3238 partim
527 3155 569 3218 ad
599 3154 761 3218 Datamen
792 3154 907 3233 mittit3
943 3155 1012 3238 pari

108 3257 205 3322 modo
244 3258 408 3341 complura
445 3257 574 3321 castella
611 3258 641 3322 ei
677 3254 784 3321 tradit.
828 3256 920 3321 Haeo
957 3257 1046 3331 diue,

108 3361 254 3425 faciendo
277 3362 436 3444 persuasit
457 3361 579 3424 homini
610 3382 644 3426 se
671 3360 826 3424 infinitum
858 3361 1012 3427 adversus

158 3477 278 3516 darsellus
292 3477 374 3526 Nepos
394 3476 434 3515 Ed.
447 3477 467 3516 8.
841 3465 856 3515 5
