2400 3848
412 476 751 577 PRAEFATIO.

199 777 288 892 Cum
303 827 472 892 Herderus
489 826 668 911 bibliopola
681 825 926 890 honestissimus
943 827 1040 893 etiam

130 933 321 1018 scriptorum
329 933 528 996 Graecorum
540 936 573 996 et
581 931 802 995 Romanorum
811 931 1039 997 bibliothecam

130 1057 242 1099 eorum
270 1037 466 1122 praesertim.
483 1037 537 1120 qui
558 1036 591 1098 in
619 1035 736 1098 00110110
758 1033 856 1099 hodie
880 1035 1040 1122 leguntur,

128 1162 241 1225 parare
258 1141 291 1205 in
307 1141 449 1205 animum
464 1162 515 1205 me
535 1144 666 1204 auctore
683 1139 872 1222 induxisset,
888 1144 1039 1206 eonvenit

128 1246 213 1311 inter
235 1251 405 1329 utrumque
429 1250 575 1308 nostrum
593 1249 629 1307 ut
645 1265 664 1307 a
680 1243 855 1308 Cornelii
877 1244 1041 1330 Nepotis

117 1349 311 1425 'ordiremur
348 1350 453 1414 libro
501 1349 547 1414 de
594 1349 763 1413 dueibus
802 1353 1040 1414 exterarum

130 1456 312 1538 gentium
341 1457 521 1540 vitisque
553 1455 723 1520 Catonis
753 1459 794 1517 et
821 1451 963 1518 Attici.

175 1559 247 1624 ,Ex
275 1561 313 1624 iis
344 1567 452 1625 autem
475 1582 556 1645 quae
587 1565 803 1624 convenerant
832 1560 877 1623 ita
901 1563 969 1624 erat
992 1558 1039 1621 in·

130 1664 292 1729 stituenda
304 1666 384 1730 haee
398 1664 509 1747 editio,
524 1671 560 1727 ut
571 1670 604 1729 et
613 1669 856 1729 removerentur
865 1663 958 1726 huius
968 1661 1041 1725 libri

130 1792 290 1856 perpauca
299 1771 354 1834 illa
365 1770 562 1855 looapuerili
577 1769 675 1833 aetati
684 1769 788 1832 minus
799 1765 1042 1832 accommodata

131 1880 164 1938 et
186 1875 365 1940 adiceretur
387 1874 487 1939 index
509 1873 683 1939 verborum
705 1872 866 1957 discipulis
882 1876 936 1935 aut
953 1876 1039 1935 00110

131 1982 185 2041 0111
207 1979 342 2043 fortasse
365 1979 560 2062 ignotorum.
617 2004 620 2010 ·

143 2063 154 2074 “
198 2082 293 2157 onos
316 2082 357 2146 aa
376 2083 449 2168 ipsa
466 2081 568 2145 laem
585 2067 769 2145 somenam
787 2078 888 2144 veroa
909 2077 1041 2161 auena,

131 2186 222 2251 initio
239 2187 318 2251 mihi
332 2187 366 2251 in
380 2187 486 2250 animo
505 2190 573 2250 erat
593 2206 689 2270 quam
704 2184 872 2247 minimum
886 2181 1041 2248 recedere
1071 2236 1073 2239 .

131 2313 151 2355 0
186 2291 349 2376 seripturis
387 2290 550 2355 eodioibus
587 2289 722 2353 traditis.
782 2286 827 2352 At
864 2288 1041 2353 aoouratius

130 2418 291 2481 perpenso
301 2395 633 2478 huiuseditionisfine‚
644 2394 761 2479 quippe
771 2415 851 2479 quae
860 2392 1042 2457 scholarum

131 2501 202 2564 usui
212 2501 374 2584 inserviet,
385 2505 555 2586 praeterea
566 2498 861 2564 recentissimorum
871 2497 1041 2579 editorum,

132 2600 1042 2690 quipaeneomnesHalmiumpotiusquamNipperdeium

132 2710 235 2772 seouti
249 2714 332 2792 sunt,
348 2709 506 2795 exemplis
517 2709 550 2772 in
561 2709 736 2793 primisque
749 2707 865 2772 Oobeti
876 2711 1042 2793 permotus

133 2814 332 2896 auctoritate,
356 2814 410 2898 qui
433 2814 550 2897 011000
569 2833 753 2877 sermonem
768 2811 862 2875 huius
878 2809 1042 2896 scriptoris

132 2916 230 2980 satius
247 2915 339 2981 duxit
353 2938 412 3003 pro
427 2917 547 2982 viribus
563 2917 772 2981 emendatum
787 2914 904 2980 soholis
914 2913 1041 2978 tradere

132 3019 308 3104 legendum
339 3042 435 3106 quam
469 3021 673 3084 librariorum
710 3021 777 3085 sive
816 3020 939 3085 incuria
975 3020 1041 3086 sive

132 3125 314 3190 temeritate
358 3130 544 3210 corruptum
584 3126 766 3188 mutilatum
802 3125 1042 3210 interpolatum,

133 3229 270 3293 eandem
294 3250 355 3313 ego
374 3229 536 3312 ingressus
553 3229 639 3294 viam
653 3228 861 3292 Halmianum
877 3230 1043 3314 exemplar

132 3332 226 3396 huius
255 3354 383 3419 quoque
412 3328 562 3398 editionis
584 3333 674 3397 volui
696 3354 766 3398 esse
788 3333 1043 3417 fundamentum,
