2400 3848
186 271 223 328 86
496 268 554 308 xm.
573 267 739 307 Panormus.
759 269 778 306 4.

113 493 115 499 ι
185 439 256 481 rum
278 418 384 480 statim
412 416 453 479 ad
483 438 575 480 aures
597 417 744 501 pervenit
767 417 905 480 exsules
921 416 955 478 in
976 414 1091 478 urbem

185 522 320 585 venisse.
365 521 405 584 Id
433 520 480 583 illi
507 519 581 583 vino
606 520 771 603 epulisque
802 505 903 582 dediti
925 538 1025 601 usque
1050 538 1090 580 eo

187 625 418 709 despexerunt,
452 628 488 686 ut
517 643 558 686 ne
590 643 744 706 quaerere
774 621 901 705 quidem
933 621 972 684 de
1001 625 1093 683 tanta

152 746 221 792 919
243 727 425 791 laborarint.
470 725 616 789 Accessit
639 726 750 804 etiam,
781 725 867 809 quod
890 725 995 808 magis.
1013 744 1090 808 ape-

185 833 263 895 riret
285 851 396 894 eorum
414 829 618 893 dementiam.
650 828 759 892 Allata
781 834 830 892 est
853 829 938 892 enim
954 826 1093 911 epistula

185 933 322 997 Athenis
345 932 383 995 ab
398 930 540 994 Archino
556 932 612 994 uni
628 953 669 996 ex
691 932 754 1014 his,
773 932 922 1013 Archiae,
946 931 999 1015 qui
1021 934 1091 992 tum

186 1037 361 1101 maximum
383 1035 604 1118 magistratum
626 1035 744 1099 Thebis
768 1035 941 1117 obtinebat,
973 1034 1006 1097 in
1028 1054 1093 1111 qua

187 1146 293 1210 omnia
315 1144 355 1207 de
383 1142 585 1226 profectione
608 1141 755 1205 exsulum
784 1141 962 1225 perscripta
989 1148 1091 1204 erant.

187 1248 276 1322 Quae
287 1267 359 1310 cum
369 1247 432 1308 iam
441 1244 609 1309 accubanti
619 1243 651 1306 in
662 1242 808 1306 convivio
820 1249 906 1306 esset
918 1243 1000 1325 data,
1010 1244 1093 1309 sicut

188 1357 256 1416 erat
282 1352 421 1434 signata,
453 1351 511 1413 sub
539 1351 705 1435 pulvinum
728 1351 886 1414 subiciens
916 1351 957 1431 ,in
982 1351 1091 1414 crasti-

152 1478 164 1516 a
186 1451 273 1518 1111111ι
301 1454 404 1537 inquit
432 1453 557 1535 ,differo
585 1474 637 1516 res
662 1451 780 1518 serias‘.
824 1454 870 1517 At
894 1455 941 1519 illi
969 1475 1092 1538 omnes,

187 1581 259 1622 cum
280 1558 345 1620 iam
366 1578 433 1620 nox
449 1559 666 1641 processisset,
689 1558 844 1621 vinolenti
866 1557 904 1621 ab
929 1558 1092 1622 exsulibus

187 1660 268 1725 duce
282 1659 441 1744 Pelopida
462 1666 535 1723 sunt
555 1660 723 1724 interfecti.
762 1660 883 1735 Quibus
903 1662 997 1724 rebus
1014 1681 1091 1725 con-

185 1765 276 1828 iectis
302 1765 399 1846 vulgo
433 1763 474 1826 ad
504 1784 592 1826 arma
620 1764 864 1848 libertatemque
887 1769 1001 1828 vocato
1025 1785 1093 1829 non

186 1869 289 1931 solum
313 1867 365 1951 qui
388 1868 421 1930 in
442 1867 521 1930 urbe
546 1872 653 1949 erant,
685 1866 743 1930 sed
767 1868 862 1931 etiam
884 1867 1024 1946 undique
1049 1889 1091 1931 ex

187 1970 271 2053 agris
291 1974 529 2052 concurrerunt,
551 1970 746 2053 praesidium
760 1969 1090 2034 Lacedaemoniorum

187 2094 229 2138 ex
251 2093 324 2136 arce
345 2072 549 2156 pepulerunt,
570 2073 706 2156 patriam
723 2072 889 2137 obsidione
905 2074 1091 2157 liberarunt,

187 2181 333 2239 auctores
350 2174 510 2238 Cadmeae
528 2176 731 2260 occupandae
755 2177 872 2261 partim
896 2177 1092 2260 occiderunt,

186 2279 301 2363 partim
323 2279 355 2341 in
379 2278 510 2341 exilium
534 2264 704 2344 eiecerunt.

153 2403 164 2441 1
250 2379 308 2443 IV.
337 2379 411 2444 Hoc
440 2386 507 2444 tam
535 2381 662 2446 turbido
695 2388 858 2467 tempore,
889 2385 969 2447 sicut
997 2405 1093 2469 supra

189 2484 363 2564 docuimus,
382 2483 629 2567 Epaminondas,
653 2485 759 2568 quoad
775 2506 848 2549 cum
863 2486 983 2550 civibus
1000 2486 1092 2549 dimi-

188 2593 292 2651 catum
316 2592 378 2667 est,
404 2585 491 2649 domi
514 2587 639 2671 quietus
661 2587 728 2651 fuit.
774 2588 887 2673 Itaque
910 2589 989 2652 haec
1011 2589 1093 2653 libe·

186 2697 327 2754 ratarum
355 2690 536 2754 Thebarum
567 2692 697 2775 propria
726 2693 795 2755 laus
826 2698 875 2756 est
903 2692 1092 2776 Pelopidae,

153 2820 165 2858 2
187 2799 313 2857 ceterae
325 2794 392 2857 scre
406 2814 591 2857 communes
606 2815 678 2858 cum
687 2794 920 2879 Epaminonda.
943 2794 1091 2879 Namque

185 2898 219 2958 in
240 2896 408 2959 Leuctrica
435 2918 544 2980 pugna
572 2897 764 2982 imperatore
787 2899 1010 2983 Epaminonda
1038 2899 1092 2963 hic

186 2999 244 3062 fuit
268 2999 334 3062 dux
358 2999 501 3064 delectae
525 3022 647 3083 manus,
673 3024 753 3086 quae
775 3004 878 3088 prima
898 3004 1093 3086 phalangem

153 3133 165 3171 3
186 3102 357 3184 prostravit
378 3100 553 3166 Laconum.
592 3103 745 3167 Omnibus
759 3109 928 3188 praeterea
942 3104 1093 3188 periculis

187 3202 288 3265 adfuit
313 3202 407 3282 (sicut
438 3204 584 3289 Spartam
612 3227 685 3269 cum
715 3208 925 3291 oppugnavit,
955 3208 1092 3272 alterum

186 3306 289 3370 tenuit
312 3307 424 3388 cornu)
457 3327 584 3391 quoque
607 3309 755 3372 Messena
786 3310 920 3388 celerius
942 3310 1091 3374 restituc-

186 3413 290 3491 retur,
318 3409 443 3492 legatus
466 3411 498 3473 in
520 3411 634 3475 Persas
658 3419 707 3476 est
728 3413 899 3496 profectus.
941 3412 1091 3496 Denique
