2400 3848
166 228 202 283 20
476 227 516 266 111.
538 228 695 268 ARISTIDES.
715 229 733 268 2.
747 229 765 267 3.

132 398 142 435 1
229 374 273 439 ΙΙ.
302 375 450 439 Interfuit
479 382 586 442 autem
615 400 741 462 pugnae
770 380 875 443 navali
904 379 989 464 apud
1012 379 1068 442 Sa-

165 477 296 561 lamina,
320 500 401 564 quae
423 480 507 544 facta
530 486 579 546 est
600 483 687 566 prius
710 504 805 566 quam
826 504 932 567 poena
954 482 1068 544 libera-

166 586 263 646 retur.
316 583 410 647 Idem
445 591 575 668 praetor
608 585 668 649 fuit
700 584 946 650 Atheniensium
984 584 1070 670 apud

165 685 313 750 Plataeas
335 688 369 750 in
390 687 524 771 proelio,
550 708 611 772 quo
636 688 723 752 fusus
747 689 954 753 barbarorum
976 710 1069 753 exer-

131 790 245 856 aoitus
268 789 516 876 Mardoniusque
540 791 723 856 interfectus
746 798 803 857 est.
845 793 958 878 Neque
982 792 1070 856 aliud

166 899 215 959 est
250 896 351 959 ullum
381 896 473 960 huius
504 897 538 960 in
567 918 601 961 re
633 898 762 961 militari
793 897 914 962 illustre
950 897 1070 960 factum

166 1020 261 1084 quam
288 1000 381 1063 huius
411 1001 537 1084 imperii
560 1003 731 1085 memoria,
763 1002 901 1067 iustitiae
930 1021 1007 1066 vero
1038 1007 1071 1065 et

166 1105 333 1188 aequitatis
357 1110 390 1169 et
412 1105 612 1170 innocentiae
636 1106 752 1188 multa,
779 1105 812 1167 in
833 1105 959 1188 primis,
984 1103 1071 1190 quod

166 1208 234 1270 eius
250 1209 410 1293 aequitate
426 1208 545 1273 factum
561 1214 618 1298 est,
643 1230 715 1272 cum
737 1211 770 1273 in
793 1210 954 1273 communi
969 1210 1069 1273 classe

167 1318 251 1376 esset
283 1313 438 1379 Graeciae
468 1315 562 1378 simul
591 1335 664 1378 oum
691 1314 864 1396 Pausania,
895 1332 957 1398 quo
989 1312 1070 1377 duce

165 1416 351 1481 Mardonius
374 1423 443 1482 erat
464 1418 600 1502 fugatus,
623 1424 659 1482 ut
682 1439 805 1482 summa
826 1419 952 1502 imperii
975 1417 1070 1480 mari·

166 1521 235 1583 timi
269 1520 307 1584 ab
339 1521 603 1586 Lacedaemoniis
633 1521 858 1586 transferretur
893 1520 934 1584 ad
967 1519 1070 1584 Athe-

131 1625 307 1695 anienses:
330 1646 468 1709 namque
485 1631 558 1691 ante
580 1626 613 1689 id
636 1631 762 1710 tempus
785 1632 818 1690 et
840 1626 920 1688 mari
938 1630 971 1688 et
985 1630 1072 1688 terra

42 1740 44 1746 ’
163 1728 264 1793 duces
295 1735 385 1792 erant
413 1728 671 1794 Lacedaemonii.
714 1728 796 1793 Tum
826 1734 933 1792 autem
962 1734 995 1792 et
1022 1728 1070 1790 in·

165 1833 378 1916 temperantia
391 1832 568 1897 Pausaniae
592 1838 626 1897 et
647 1833 767 1896 iustitia
786 1832 905 1895 sactum
928 1836 978 1895 est
995 1829 1069 1893 Ari-

166 1935 266 2018 stidis,
288 1941 324 1999 ut
347 1956 457 2000 omnes
480 1936 547 2001 fere
565 1937 709 2001 civitates
728 1934 882 1999 Graeciae
905 1934 946 1998 ad
967 1932 1069 1998 Athe·

164 2039 322 2103 niensium
352 2040 540 2104 societatem
568 2061 602 2104 se
631 2039 828 2124 applicarent
857 2042 890 2102 et
917 2038 1069 2101 adversus

165 2141 315 2206 barbaros
338 2143 397 2206 hos
420 2142 517 2206 duces
542 2141 721 2225 deligerent
743 2141 812 2206 sibi.

130 2273 141 2312 1
229 2246 290 2311 ΠΙ.
321 2245 409 2320 Quos
441 2266 502 2330 quo
535 2246 657 2309 facilius
688 2246 898 2330 repellerent,
929 2244 956 2308 si
987 2242 1069 2308 forte

164 2349 284 2414 bellum
306 2369 462 2414 renovare
480 2354 679 2431 conarentur,
702 2348 744 2411 ad
768 2348 884 2411 classes
900 2347 1069 2411 aedifican-

165 2452 222 2516 das
245 2454 467 2536 exercitusque
486 2451 717 2536 comparandos
740 2456 893 2536 quantum
914 2451 1070 2535 pecuniae

166 2578 308 2641 quaeque
333 2557 441 2620 civitas
465 2555 565 2637 daret,
587 2554 746 2619 Aristides
769 2555 912 2618 delectus
935 2559 993 2636 est,
1016 2555 1070 2639 qui

165 2660 382 2742 constitueret,
402 2660 532 2743 eiusque
548 2659 677 2722 arbitrio
695 2658 913 2744 quadringena
929 2663 961 2722 et
976 2678 1068 2722 sexa-

163 2783 247 2844 gena
275 2763 396 2827 talenta
427 2764 595 2848 quotannis
623 2762 743 2826 Delum
772 2768 845 2824 sunt
873 2760 1004 2824 collata:
1035 2762 1070 2825 id

165 2867 250 2930 enim
278 2886 446 2931 commune
471 2868 629 2931 aerarium
660 2887 730 2930 esse
753 2865 933 2930 voluerunt.
979 2865 1068 2939 Quae

165 2971 267 3035 omnis
295 2972 430 3055 pecunia
458 2975 587 3054 postero
617 2975 763 3054 tempore
792 2968 936 3032 Athenas
966 2974 1068 3033 trans-

129 3109 142 3146 2
163 3076 229 3137 lata
251 3080 309 3138 est.
353 3073 416 3137 Hic
440 3095 502 3158 qua
524 3074 620 3137 luerit
643 3072 851 3154 abstinentia,
874 3071 997 3134 nullum
1020 3077 1070 3135 est

165 3179 280 3242 certius
309 3176 462 3241 indicium
491 3197 586 3260 quam
616 3175 717 3259 quod,
749 3196 822 3238 oum
849 3175 944 3237 tantis
973 3174 1068 3238 rebus

163 3279 362 3364 praefuisset,
385 3279 418 3342 in
440 3285 529 3342 tanta
550 3284 737 3363 paupertate
762 3277 914 3359 decessit,
938 3281 983 3358 ut,
1015 3278 1070 3361 qui

129 3383 349 3463 aefferretur,
382 3383 438 3445 rix
465 3383 639 3464 reliquerit.
685 3379 755 3455 Quo
788 3381 906 3444 factum
939 3386 1002 3462 est,
1034 3388 1070 3444 ut
