2400 3848
139 253 195 311 124
448 251 530 291 xxm.
548 250 705 290 usuursar..
728 251 746 290 r.

139 398 297 462 valentior
317 402 432 482 postea
447 397 708 480 congrederetur.
745 396 950 481 Oolloquium
970 417 1047 460 con·

61 562 65 569 .
102 501 242 573 evenit:
281 501 485 565 condiciones
522 521 587 564 non
619 505 850 564 convenerunt.
901 499 981 562 Post
1013 498 1048 562 id

138 603 257 668 lactum
285 604 394 688 paucis
425 603 536 667 diebus
565 602 652 687 apud
673 601 805 666 Zamam
834 622 907 665 eum
929 600 1048 665 eodem

138 706 299 770 conflixit:
343 706 453 791 pulsus
490 703 691 784 (incredibile
731 703 831 786 dictu)
875 704 974 769 biduo
1013 708 1049 769 et

139 808 260 872 duabus
297 809 445 872 noctibus
482 807 719 871 Hadrumetum
755 808 921 893 pervenit,
958 806 1048 892 quod

100 942 114 979 4
138 912 229 975 abest
244 912 283 975 ab
298 911 397 975 Zama
412 911 538 975 circiter
553 910 642 974 milia
655 931 807 995 passuum
821 914 975 975 trecenta.
1006 909 1047 973 In

138 1015 198 1079 hac
225 1016 301 1099 fuga
323 1014 501 1096 Numidae,
525 1014 579 1099 qui
608 1014 702 1077 simul
732 1033 805 1077 cum
834 1033 873 1077 eo
904 1033 945 1076 ex
976 1013 1045 1077 acie

139 1124 358 1201 excesserant,
389 1117 530 1181 insidiati
559 1122 632 1180 sunt
661 1117 707 1180 ei:
738 1137 818 1201 quos
847 1136 913 1180 non
941 1115 1046 1179 solum

138 1221 269 1304 effugit,
306 1220 364 1285 sed
396 1221 493 1285 etiam
520 1220 621 1303 ipsos,
638 1219 806 1303 oppressit.
851 1216 1046 1281 Hadrumeti

138 1325 278 1408 reliquos
302 1345 344 1388 ex
366 1323 443 1407 fuga
457 1323 603 1406 collegit:
627 1322 719 1385 novis
744 1321 912 1385 dilectibus
934 1319 1045 1405 paucis

92 1457 97 1469 ι
140 1426 251 1491 diebus
274 1427 392 1490 multos
415 1427 583 1490 contraxit.

42 1564 114 1639 (⁰²¹
202 1526 279 1591 VH.
313 1527 394 1591 Oum
422 1528 455 1590 in
483 1526 667 1611 apparando
698 1527 850 1591 acerrime
881 1529 967 1590 esset
990 1545 1044 1588 oc-

139 1636 290 1714 cupatus,
325 1629 603 1714 Carthaginienses
635 1631 755 1694 bellum
786 1651 858 1694 cum
889 1630 1045 1696 Romanis

54 1730 55 1735 ’
139 1740 396 1818 composuerunt.
428 1733 502 1818 ,Ille
524 1734 624 1798 nihilo
649 1736 747 1799 setius
771 1735 928 1799 exercitui
954 1739 1044 1820 post-

139 1859 178 1902 ea
211 1837 349 1923 praefuit
381 1857 495 1921 resque
532 1837 564 1900 in
591 1836 702 1901 Africa
735 1839 836 1922 gessit
866 1858 966 1922 usque
1002 1837 1044 1900 ad

102 1939 174 2020 2P.
198 1940 373 2025 Sulpicium
403 1940 439 2004 Ο.
462 1939 631 2004 Aurelium
663 1942 820 2006 consules.
864 1941 926 2004 His
958 1940 1044 2004 enim

137 2045 373 2127 magistratibus
401 2044 500 2127 legati
525 2044 803 2128 Carthaginienses
826 2043 965 2107 Romam
985 2063 1043 2107 ve·

135 2152 267 2229 nerunt,
298 2147 353 2230 qui
380 2147 505 2210 senatui
532 2148 717 2233 populoque
747 2147 895 2211 Romano
924 2146 1044 2230 gratias

136 2257 288 2334 agerent,
328 2250 415 2335 quod
453 2272 525 2315 cum
560 2252 600 2315 iis
636 2273 750 2336 pacem
784 2251 954 2332 fecissent,
1001 2249 1044 2314 ob
1071 2249 1074 2253 ’

136 2375 271 2438 eamque
300 2374 368 2417 rem
397 2373 517 2418 corona
546 2376 644 2420 aurea
673 2376 729 2420 eos
754 2355 911 2418 donarent
933 2353 1042 2417 simul-

135 2477 197 2541 que
220 2461 377 2540 peterent,
407 2462 444 2519 ut
467 2457 596 2522 obsides
620 2480 732 2523 eorum
754 2457 912 2541 Fregellis
935 2461 1067 2520 essent

101 2559 317 2642 ³captirique
354 2558 577 2624 redderentur.
628 2561 690 2624 His
727 2581 770 2625 ex
806 2564 934 2624 senatus
964 2579 1042 2623 eon-

135 2662 218 2724 sulto
241 2681 431 2746 responsum
461 2668 526 2728 est:
558 2685 672 2728 munus
696 2686 809 2730 eorum
830 2669 959 2748 gratum
989 2683 1042 2726 ac-

135 2771 327 2850 ceptumque
362 2787 450 2848 esse3
488 2768 634 2850 obsides,
672 2790 735 2853 quo
771 2769 845 2832 loco
879 2771 1043 2850 rogarent,

133 2869 275 2950 futuros3
306 2869 449 2954 captivos
478 2891 544 2934 non
572 2872 778 2954 remissuros,
807 2869 894 2956 quod
916 2868 1041 2932 Hanni·

134 2972 255 3054 balem,
278 2974 366 3037 cuius
390 2994 489 3059 opera
511 2981 694 3059 susceptum
715 2975 838 3039 bellum
858 2973 958 3054 foret,
980 2971 1041 3035 ini-

134 3077 340 3141 micissimum
373 3078 497 3141 nomini
525 3077 692 3161 Romano,
725 3079 821 3143 etiam
851 3096 936 3140 nunc
968 3096 1041 3139 cum

134 3179 268 3263 imperio
300 3181 386 3266 apud
415 3182 593 3246 exercitum
623 3183 779 3246 haberent
807 3182 948 3264 itemque
976 3178 1040 3242 fra-

98 3286 217 3361 4trem
247 3284 315 3348 eius
346 3286 528 3369 Magonem.
573 3285 647 3350 Hoc
683 3305 838 3371 responso
873 3280 1039 3364 Carthagi-

134 3386 261 3450 nienses
284 3388 413 3471 cognito
437 3388 650 3453 Hannibalem
685 3389 815 3453 domum
836 3404 955 3452 revoca
1015 3391 1038 3447 t.
