2400 3848
417 236 454 276 XI.
474 235 652 276 IPHIGRATES.
672 237 691 275 1.
704 237 723 275 2
986 237 1022 292 57

121 390 178 450 est.
215 386 314 451 Diem
330 387 409 451 obiit
431 387 555 452 circiter
572 406 673 449 annos
689 385 917 470 quinquaginta
931 388 1023 446 natus

121 494 268 573 quartum
295 495 369 573 post
397 511 514 553 annum
546 511 641 575 quam
672 511 715 554 ex
735 489 960 574 Peloponneso
990 486 1023 550 in

121 591 261 656 Siciliam
282 591 432 658 redierat.

541 818 603 882 XI,
686 841 693 860 s

416 959 725 1036 IPHIORATES.

184 1110 211 1175 Ι.
242 1113 499 1198 Iphicrttes
535 1111 828 1176 Atheniensis
860 1132 926 1176 non
957 1115 1054 1174 tamr

120 1214 339 1296 magnitudine
383 1236 490 1280 rerum
526 1221 689 1299 gestarum
726 1234 820 1299 quam
858 1213 1024 1297 disciplina

120 1317 250 1379 militari
272 1318 457 1382 nobilitatus
480 1324 538 1383 est.
582 1319 658 1383 Fuit
681 1319 766 1382 enim
787 1317 859 1382 talis
883 1316 966 1399 dux,
988 1321 1024 1379 ut

120 1439 184 1482 non
208 1420 312 1483 solum
328 1422 442 1485 aetatis
464 1442 540 1486 suae
564 1420 760 1506 cumprimis
776 1423 1022 1503 compararetur,

120 1522 178 1587 sed
199 1544 240 1588 ne
265 1523 305 1588 de
328 1524 501 1588 maioribus
515 1530 592 1588 natu
608 1523 738 1610 quidem
754 1524 919 1608 quisquam
935 1525 1023 1585 anto-

119 1634 303 1714 poneretur.
347 1628 486 1693 Multum
513 1650 591 1694 vero
621 1629 655 1692 in
682 1627 768 1692 bello
799 1631 848 1692 est
869 1630 1055 1706 versatus,a

120 1754 216 1817 saepe
239 1734 432 1798 exercitibus
453 1734 608 1819 praefuit,
637 1753 793 1816 nusquam
825 1731 918 1814 eulpa
939 1729 1022 1792 male

120 1857 188 1900 rem
211 1838 325 1920 gessit,
355 1859 482 1922 semper
511 1837 644 1902 consilio
666 1836 743 1900 vicit
764 1840 951 1918 tantumque
982 1853 1021 1897 eo

121 1939 228 2019 valuit,
253 1943 289 2000 ut
311 1940 412 2003 multa
432 1940 466 2002 in
487 1960 523 2003 re
545 1939 675 2001 militari
696 1938 812 2022 partim
834 1957 919 2000 nova
940 1941 1022 1999 attu-

120 2041 194 2104 lerit
214 2042 328 2124 partim
358 2043 492 2106 meliora
513 2041 634 2106 fecerit.
679 2041 825 2123 Namque
846 2039 900 2102 ille
923 2036 1054 2122 pede-a
1107 2038 1110 2045 '

120 2143 198 2205 stria
212 2163 301 2205 arma
315 2143 458 2206 mutavit.
498 2142 580 2206 Oum
595 2147 668 2205 ante
691 2141 782 2204 illum
797 2141 1024 2225 imperatorem

121 2243 269 2308 maximis
293 2245 419 2329 clipeis,
452 2243 601 2309 brevibus
623 2245 737 2325 hastis,
760 2243 889 2308 minutis
911 2242 1025 2325 gladiis

121 2353 295 2430 uterentur,
318 2348 373 2412 ille
396 2368 414 2411 e
437 2347 597 2411 contrario
612 2347 730 2432 peltam
746 2366 805 2430 pro
826 2365 936 2430 parma
950 2344 1025 2408 feeit

123 2451 157 2534 (a
187 2473 250 2536 quo
279 2450 436 2535 peltastae
465 2445 591 2531 pedites
621 2446 897 2531 appellabantur),
926 2456 962 2513 ut
985 2450 1025 2514 ad

123 2561 230 2618 motus
253 2569 487 2634 concursusque
510 2553 617 2612 essent
641 2549 796 2632 leviores,
824 2552 934 2617 hastae
957 2573 1025 2617 mo·

124 2657 199 2722 dum
229 2655 418 2739 duplicavit,
450 2653 576 2735 gladios
606 2653 770 2736 longiores
801 2654 886 2719 lecit.
931 2654 1059 2719 Idemr

122 2760 237 2824 loricas
273 2779 330 2842 pro
367 2756 460 2821 sertis
494 2761 590 2840 atque
627 2756 735 2820 aeneis
772 2757 887 2822 linteas
925 2757 1024 2821 dedit.

124 2861 195 2935 Quo
233 2861 315 2925 facto
351 2858 568 2943 expeditiores
601 2858 719 2923 milites
752 2858 912 2923 reddidit:
950 2880 1024 2923 nam

122 2964 266 3048 pondere
290 2962 445 3043 detracto,
468 2960 554 3044 quod
578 2982 679 3046 aeque
705 2980 821 3045 corpus
843 2965 969 3043 tegeret
992 2967 1025 3024 et

121 3066 194 3131 leve
217 3071 310 3146 esset,
334 3065 465 3128 curavit.

180 3169 225 3234 H.
254 3167 383 3231 Bellum
413 3187 485 3229 cum
512 3165 687 3229 Thracibus
710 3161 823 3246 gessit3
856 3157 1020 3234 Seuthem,
1042 3182 1052 3220 1

118 3274 239 3339 socium
253 3268 509 3349 Atheniensium,
531 3269 565 3331 in
585 3288 721 3350 regnum
739 3263 886 3329 restituit.
923 3258 1022 3344 Apud

120 3375 307 3439 Corinthum
329 3376 419 3434 tanta
441 3372 610 3435 severitate
634 3367 789 3446 exercitui
811 3364 957 3451 praefuit,
986 3368 1022 3423 ut
