2400 3848
277 299 346 340 xm
359 299 589 339 nemetae·
605 298 684 338 XXIII.
697 297 855 338 HANNIBAL.
869 298 888 338 1.
978 302 1033 359 119

128 444 269 510 bellandi
306 447 481 529 reperiret,
518 446 645 528 effecit,
680 451 716 510 ut
751 446 925 531 imperator
962 467 1035 511 oum

129 550 275 614 exercitu
305 550 337 613 in
360 550 549 634 Hispaniam
570 550 769 633 mitteretur,
799 571 901 636 eoque
925 571 1034 614 seeum

130 651 223 716 duxit
243 653 343 716 filium
366 654 579 719 Hannibalem
602 675 758 718 annorum
784 675 912 720 novem.
957 654 1035 718 Erat
1057 677 1069 716 2

130 759 299 840 praeterea
321 777 393 819 cum
416 776 454 820 eo
479 756 666 822 adulescens
688 758 834 841 illustris,
865 758 1034 841 formosus,

130 858 332 943 Hasdrubal,
364 861 415 924 cui
436 861 490 925 ille
511 860 609 924 filiam
631 882 721 925 suam
743 861 776 924 in
798 861 1035 925 matrimonium

132 961 232 1026 dedit.
275 962 328 1027 De
356 963 418 1027 hoc
444 963 519 1028 ideo
542 964 741 1028 mentionem
768 963 917 1047 fecimus,
950 963 1070 1048 quoda

131 1063 315 1130 Hamilcare
348 1066 452 1130 occiso
484 1067 538 1130 ille
571 1067 726 1130 exercitui
753 1068 891 1151 praefuit
921 1088 1036 1152 resque

131 1189 264 1251 magnas
278 1169 378 1253 gessit
401 1175 434 1232 et
455 1169 604 1254 princeps
618 1169 788 1253 largitione
803 1175 947 1233 vetustos
965 1190 1036 1254 per-

133 1272 229 1337 vertit
258 1293 365 1336 mores
389 1271 698 1356 Carthaginiensium
729 1273 936 1357 eiusdemque
964 1280 1039 1357 post

132 1380 270 1440 mortem
291 1374 454 1439 Hannibal
482 1375 522 1439 ab
545 1376 691 1441 exercitu
713 1377 837 1460 accepit
859 1377 1038 1461 imperium.

197 1476 258 1541 IV.
284 1475 331 1540 At
352 1476 532 1560 Hamilcar,
560 1484 771 1562 posteaquam
798 1498 886 1543 mare
915 1481 1040 1544 transiit
1061 1502 1071 1542 1

132 1580 166 1646 in
180 1579 432 1665 Hispaniamque
447 1582 545 1661 venit,
568 1601 700 1664 magnas
717 1602 770 1645 res
785 1581 927 1646 secunda
941 1581 1040 1665 gessit

132 1685 276 1749 fortuna:
307 1685 463 1747 maximas
486 1684 805 1769 bellicosissimasque
828 1690 942 1768 gentes
965 1684 1038 1748 sub·

133 1788 216 1870 egit3
241 1787 346 1871 equis,
369 1788 481 1870 armis,
504 1789 590 1870 viris,
613 1790 752 1872 pecnnia
772 1795 875 1853 totam
896 1788 1038 1873 locuple·

133 1892 214 1957 tavit
227 1890 379 1955 Africam.
414 1892 488 1974 Hie,
512 1913 584 1956 cum
599 1893 632 1956 in
646 1891 772 1956 Italiam
785 1893 908 1958 bellum
921 1891 1039 1957 inferre
1061 1917 1073 1956 a

95 2017 98 2025 ’
133 1993 353 2077 meditaretur,
375 2015 461 2058 nono
486 2016 580 2078 anno,
602 2001 772 2080 postquam
793 1995 828 2058 in
850 1995 1039 2079 Hispaniam

133 2103 282 2181 venerat,
311 2099 345 2162 in
373 2098 497 2183 proelio
527 2119 672 2184 pugnans
702 2097 853 2162 adversus
882 2097 1038 2162 Vettones

136 2203 258 2268 occisus
284 2208 342 2267 est.
387 2201 492 2265 Huius
513 2207 705 2286 perpetuum
735 2200 844 2266 odium
873 2222 951 2285 erga
971 2202 1073 2273 rao-³

133 2326 247 2370 manos
258 2307 397 2370 maxime
410 2306 583 2369 concitasse
594 2304 721 2368 videtur
732 2304 907 2368 secundum
918 2305 1040 2369 bellum

134 2410 321 2475 Poenicum.
352 2409 498 2493 Namque
514 2407 684 2488 Hannibal,
707 2407 882 2488 filiuseius,
906 2407 1039 2471 assiduis

134 2513 234 2598 patris
250 2513 514 2576 obtestationibus
531 2531 569 2574 eo
587 2516 635 2574 est
648 2509 830 2595 perductus,
852 2515 887 2572 ut
908 2511 1038 2575 interire

135 2636 232 2702 quam
253 2615 417 2680 Romanos
440 2636 505 2680 non
527 2614 667 2698 experiri
689 2613 807 2678 mallet.

524 2837 653 2902 XXIII.

449 2977 719 3051 HANNIBAL.

200 3133 227 3200 Ι.
257 3134 480 3216 Hannibal,
509 3131 756 3198 Hamilcaris
785 3130 917 3212 filius,
950 3128 1073 3206 Car-1

138 3237 423 3322 thaginiensis.
459 3236 493 3301 Si
514 3257 627 3302 verum
647 3240 705 3316 est,
728 3232 815 3318 quod
829 3253 923 3296 nemo
949 3230 1039 3295 dubi-

135 3340 232 3422 tavit,
260 3341 371 3425 populi
391 3339 530 3404 Romani
560 3359 670 3402 omnes
699 3342 813 3420 gentes
843 3337 958 3401 virtute
988 3358 1039 3400 su·

135 3443 258 3526 parari,
296 3463 361 3506 non
393 3448 441 3506 est
470 3442 668 3507 infitiandum
698 3440 914 3506 Hannibalem
948 3446 1038 3505 tanto
