2400 3848
160 243 214 298 148
479 241 545 282 XXV.
566 243 693 284 Aurrcus.
714 243 747 283 19.

156 388 267 451 habuit
289 390 467 472 cognitam,
497 395 533 454 ut
556 412 628 454 eam
649 396 750 454 totam
779 391 812 454 in
836 412 875 456 eo
898 390 1063 456 volumine

129 514 140 551 2
158 494 353 576 exposuerit,
371 513 433 578 quo
449 493 654 576 magistratus
670 495 838 557 enarravit.
864 493 962 584 Nulla
977 494 1063 558 enim

156 595 212 659 lex
234 616 339 680 neque
368 617 433 680 pax
454 617 558 680 neque
581 597 702 660 bellum
724 618 828 682 neque
857 618 909 661 res
930 597 1064 660 illustris

158 706 206 763 est
227 700 338 783 populi
353 699 501 781 Romani,
524 721 604 785 quae
628 721 693 763 non
714 700 748 763 in
771 721 810 764 eo
834 719 891 763 suo
915 704 1064 783 tempore

157 803 198 864 sit
219 807 344 882 notata;
373 808 422 883 et,
444 803 531 886 quod
555 802 775 866 difficillimum
798 803 872 886 fuit,
905 803 949 866 sic
971 803 1064 865 fami·

156 905 269 969 liarum
301 905 456 988 originem
487 904 665 987 subtexuit,
697 911 733 969 ut
764 927 806 970 ex
835 927 873 970 eo
904 905 1064 969 clarorum

129 1010 299 1072 avirorum
320 1011 513 1094 propagines
539 1010 697 1093 possimus
721 1030 926 1093 cognoscere.
970 1007 1065 1072 Fecit

157 1111 220 1176 hoc
248 1112 336 1177 idem
365 1113 536 1197 separatim
563 1113 597 1175 in
619 1112 688 1175 aliis
709 1112 815 1194 libris,
845 1117 882 1175 ut
903 1111 948 1175 M.
970 1110 1064 1174 Bruti

157 1222 272 1298 rogatu
286 1216 411 1279 Iuniam
426 1216 580 1280 familiam
601 1237 621 1279 a
642 1216 740 1299 stirpe
765 1215 805 1278 ad
826 1215 907 1278 hanc
924 1219 1065 1278 aetatem

160 1318 270 1382 ordine
294 1321 529 1384 enumeraverit
549 1324 675 1401 notans,
699 1319 752 1403 qui
775 1340 794 1381 a
816 1339 943 1403 quoque
965 1322 1064 1396 ortus,

134 1441 238 1504 rquoa
254 1422 393 1485 honores
409 1423 586 1506 quibusque
604 1423 802 1506 temporibus
819 1424 972 1506 cepisset:
994 1421 1065 1506 pari

158 1524 255 1587 modo
279 1526 423 1590 Marcelli
440 1526 565 1590 Claudii
589 1527 628 1591 de
649 1527 884 1608 Marcellorum,
907 1524 1065 1608 Scipionis

161 1627 302 1692 Cornelii
325 1634 357 1692 et
386 1629 478 1691 Fabii
499 1629 633 1692 Maximi
655 1629 830 1693 Fabiorum
853 1634 886 1692 et
907 1627 1064 1692 Aemilio-

158 1751 238 1793 rum.
284 1731 406 1805 Quibus
428 1733 515 1795 libris
537 1733 615 1795 nihil
638 1739 745 1817 potest
767 1754 837 1797 esse
870 1732 993 1796 dulcius
1015 1732 1064 1814 iis,
1107 1743 1112 1755 '

160 1836 213 1918 qui
236 1836 373 1921 aliquam
390 1837 597 1920 cupiditatem
612 1839 732 1902 habent
749 1837 881 1901 notitiae
905 1837 1064 1900 clarorum

135 1941 311 2004 cvirorum.
355 1939 474 2024 Attigit
495 1943 644 2025 poeticen
667 1963 805 2026 quoque,
833 1941 1001 2020 credimus,
1023 1959 1065 2002 ne

160 2044 228 2108 eius
251 2065 367 2128 expers
391 2050 476 2108 esset
498 2046 670 2109 suavitatis.
715 2044 799 2109 Nam
823 2044 862 2108 de
885 2042 979 2125 viris,
1011 2043 1065 2126 qui

159 2148 282 2213 honore
313 2170 484 2233 rerumque
514 2154 677 2232 gestarum
709 2147 916 2233 amplitudine
940 2150 1067 2209 ceteros

56 2265 57 2268 ’
135 2251 297 2314 cRomani
315 2253 426 2336 populi
441 2253 678 2336 praestiterunt,
701 2251 851 2336 exposuit
872 2250 925 2330 ita,
948 2254 985 2310 ut
1006 2247 1067 2311 sub

160 2354 358 2436 singulorum
369 2354 558 2438 imaginibus
574 2355 658 2418 facta
669 2356 936 2437 magistratusque
952 2371 1066 2414 eorum

160 2476 224 2518 non
261 2457 397 2540 amplius
434 2459 595 2541 quaternis
637 2458 780 2542 quinisve
820 2454 965 2520 versibus
1009 2452 1066 2517 de·

160 2559 335 2642 scripserit:
369 2561 455 2643 quod
483 2561 539 2624 vix
562 2560 758 2625 credendum
787 2565 851 2641 est,
880 2561 984 2620 tantas
1013 2573 1067 2620 res

160 2667 226 2724 tam
247 2662 387 2725 breviter
409 2664 551 2745 potuisse
577 2663 740 2727 declarari.
785 2662 844 2725 Est
866 2661 962 2725 etiam
984 2679 1067 2722 unus

161 2764 242 2829 liber
265 2765 392 2829 Graece.
420 2765 597 2847 confectus,
632 2766 671 2829 de
702 2766 868 2829 consulatu
890 2762 1066 2826 Ciceronis.

131 2888 141 2926 1
225 2867 318 2932 XIX.
341 2868 440 2933 ,Haec
456 2869 610 2932 hactenus
625 2868 733 2932 Attico
757 2869 830 2931 vivo
855 2866 944 2930 edita
966 2885 985 2928 a
1006 2885 1065 2929 no-

161 2971 209 3034 bis
232 2977 313 3035 sunt.
352 2973 455 3055 Nunc,
479 2974 628 3058 quoniam
649 2973 776 3036 fortuna
796 2992 855 3034 nos
877 2971 1067 3055 superstites

162 3077 192 3139 ei
215 3097 283 3140 esse
306 3077 418 3158 voluit,
442 3077 563 3160 reliqua
584 3096 815 3161 persequemur
838 3080 879 3155 et,
911 3078 1065 3157 quantum

165 3181 352 3263 poterimus,
398 3203 506 3244 rerum
530 3180 684 3264 exemplis
707 3180 845 3242 lectores
869 3176 1066 3258 docebimus,

161 3281 241 3344 sicut
272 3303 367 3365 supra
397 3283 661 3366 significavimus,
698 3303 772 3346 suos
811 3281 924 3364 cuique
957 3300 1065 3344 mores

130 3405 143 3443 2
161 3385 346 3469 plerumque
364 3388 533 3452 conciliare
549 3388 718 3452 fortunam.
752 3386 898 3468 Namque
921 3383 973 3446 hic
989 3405 1064 3447 con-
