2400 3848
435 206 492 246 xrv.
512 204 654 246 parma.
673 206 692 245 a
705 209 724 247 ι
990 208 1027 265 67

188 355 251 420 III.
281 354 379 420 Ouius
392 352 467 418 facti
488 374 530 418 ne
545 354 632 438 prius
647 353 732 418 fama
747 353 789 418 ad
805 375 918 439 regem
933 375 1028 439 quam
1049 383 1061 423 1
1100 419 1104 438 ,

125 459 192 545 ipse
215 459 416 545 perveniret,
441 457 530 522 dedit
553 478 694 543 operam.
738 457 851 543 ltaque
882 458 1027 522 omnibus

124 564 231 627 insciis
260 583 318 647 eo,
348 563 404 627 ubi
432 568 501 627 erat
529 583 604 646 rerr,
636 563 725 627 venit
751 569 945 649 posteroque
975 563 1026 628 die

123 666 256 751 Thuyn,
292 666 456 731 hominem
492 666 625 730 maximi
659 668 801 753 corporis
831 667 1027 752 terribilique

125 768 220 852 secie,
250 770 336 855 quod
366 776 399 835 et
426 770 519 854 niger
546 777 579 835 et
601 771 716 855 capillo
744 772 842 856 longo
866 772 1028 856 barbaque

125 880 194 938 erat
214 875 379 959 promissa,
403 876 524 960 optima
546 882 634 941 veste
657 879 749 960 texit,
772 898 867 962 quam
882 882 1027 963 satrapae

123 978 204 1060 regii
234 998 348 1061 gerere
382 985 590 1063 consuerant,
626 981 750 1046 ornavit
780 982 878 1047 etiam
913 987 1027 1066 torque

124 1086 218 1166 atque
241 1083 373 1147 armillis
396 1084 499 1148 aureis
523 1089 695 1168 ceteroque
717 1085 808 1168 regio
832 1085 933 1148 cultu:
959 1085 1027 1169 ipse
1051 1113 1064 1151 a

124 1187 243 1269 agresti
266 1185 386 1272 duplici
407 1187 543 1251 amiculo
568 1186 780 1251 circumdatus
810 1188 955 1273 hirtaque
977 1193 1027 1250 tu-

123 1289 204 1372 nica,
227 1311 344 1374 gerens
361 1291 394 1355 in
417 1292 521 1376 capite
541 1292 669 1376 galeam
683 1292 891 1374 venatoriam,
915 1290 1029 1354 dextra

123 1414 221 1458 manu
243 1394 375 1477 clavam,
398 1395 525 1459 sinistra
539 1395 697 1479 copulam,
719 1414 783 1478 qua
796 1393 938 1458 vinctum
954 1399 1027 1457 ante

124 1517 158 1561 se
181 1496 351 1582 Thuynem
373 1499 500 1582 agebat,
522 1503 558 1563 ut
580 1499 607 1564 si
629 1499 730 1562 feram
751 1497 887 1561 hostiam
904 1503 1028 1583 captam

124 1599 265 1665 duceret.
311 1600 416 1675 Quem
438 1622 511 1666 cum
534 1622 644 1667 omncs
660 1601 880 1686 conspicerent
897 1606 1064 1686 proptera

124 1705 300 1768 novitatem
330 1709 460 1768 ornatus
490 1705 696 1789 ignotamque
718 1704 854 1769 formam
877 1704 918 1769 ob
942 1725 1027 1768 eam-

125 1828 186 1892 que
209 1829 278 1871 rem
299 1827 434 1890 magnus
456 1812 542 1871 esset
564 1828 750 1888 concursus,
776 1807 836 1870 fuit
856 1827 1029 1890 nonnemo,

125 1910 180 1993 qui
201 1915 391 1992 agnosceret
412 1910 527 1994 Thuyn
553 1910 686 1995 regique
708 1910 878 1974 nuntiaret.
920 1911 1029 1975 Primo
1053 1944 1067 1982 4

125 2032 191 2075 non
213 2011 403 2076 accredidit:
426 2013 534 2096 itaque
548 2012 790 2077 Pharnabazum
813 2014 899 2077 misit
919 2014 1031 2099 explo-

126 2120 241 2181 ratum.
284 2113 316 2178 A
339 2136 401 2199 quo
425 2120 461 2178 ut
482 2136 552 2180 rem
574 2121 698 2200 gestam
721 2115 892 2200 comperit,
926 2118 1033 2180 statim

127 2218 254 2282 admitti
281 2218 388 2301 iussit,
419 2238 616 2304 magnopere
640 2217 817 2283 delectatis
848 2240 921 2283 cum
948 2219 1031 2284 facto

124 2327 194 2385 tum
211 2318 341 2404 ¹ornatu,
369 2321 403 2384 in
425 2322 535 2406 primis
558 2321 645 2407 quod
666 2322 782 2386 nobilis
804 2343 865 2386 rex
885 2323 919 2386 in
940 2328 1031 2408 pote-

124 2431 241 2491 statem
262 2426 442 2511 inopinanti
455 2431 598 2491 venerat.
642 2426 758 2512 Itaque
780 2426 948 2511 magnifice
965 2426 1031 2489 Da·
1052 2458 1065 2496 a

125 2536 234 2595 tamen
265 2530 418 2595 donatum
455 2529 497 2594 ad
528 2531 707 2595 exercitum
736 2531 838 2613 misit,
874 2531 928 2615 qui
964 2534 1032 2592 tum

126 2635 372 2700 contrahebatur
396 2635 476 2700 duce
498 2634 705 2699 Pharnabazo
730 2638 763 2699 et
784 2633 966 2698 Tithrauste
990 2633 1031 2696 ad

126 2739 247 2804 bellum
268 2738 483 2824 Aegyptium,
506 2739 639 2824 parique
663 2758 737 2802 eum
760 2741 855 2822 atque
878 2737 950 2800 illos
971 2736 1030 2798 im·

126 2842 216 2926 perio
232 2862 301 2905 esse
316 2842 415 2905 iussit.
452 2843 573 2906 Postea
586 2861 664 2906 vero
680 2861 775 2927 quam
790 2840 1030 2904 Pharnabazum

126 2964 186 3008 rex
206 2944 379 3026 revocavit,
400 2944 448 3008 illi
470 2964 595 3008 summa
615 2943 741 3027 imperii
761 2941 879 3006 tradita
900 2946 958 3005 est.

191 3046 250 3111 IV.
279 3047 343 3110 Hic
366 3067 438 3111 cum
460 3047 600 3110 maximo
624 3046 729 3109 studio
751 3048 950 3129 compararet
972 3064 1027 3107 ex·
1051 3072 1062 3112 ι

128 3150 261 3215 ercitum
289 3149 539 3235 Aegyptumque
568 3148 725 3235 proficisci
752 3151 894 3232 pararet,
924 3146 1028 3210 subito

127 3275 147 3319 a
168 3274 245 3338 rege
267 3253 392 3318 litterae
415 3256 488 3317 sunt
509 3252 541 3318 ei
562 3252 694 3334 missae,
722 3255 757 3313 ut
778 3249 892 3334 Aspim
914 3269 1028 3333 aggre-

128 3357 268 3437 deretur,
291 3357 345 3442 qui
361 3355 549 3421 Cataoniam
570 3352 717 3420 tenebat:
741 3371 822 3436 quae
844 3369 923 3433 gens
945 3351 1029 3414 iacet
