2400 3848
88 236 92 246 .
164 185 202 242 54
518 184 543 223 x.
565 183 643 224 mou.
664 184 681 224 r.
695 185 714 224 a

164 333 301 398 Homeri
329 336 453 400 rettulit
482 356 524 399 ex
553 333 909 419 secunda'rhapsodia,
939 334 973 398 in
1005 341 1073 419 quo'

164 437 244 502 haec
275 439 433 503 sententia
466 444 529 502 est:
567 458 632 503 non
663 460 758 523 posse
790 440 872 504 bene
902 440 971 522 geri
999 461 1071 504 rem

163 541 323 626 publicam
335 543 508 606 multorum
522 543 673 626 imperiis.
708 541 804 616 Quod
820 542 939 606 dictum
952 564 1074 626 magna

163 643 283 707 invidia
297 650 469 708 consecuta
484 650 547 708 est:
571 665 708 730 namque
725 633 887 729 aperuisse
899 634 1073 711 videbatur

129 774 141 811 ε
165 750 271 811 omnia
292 749 325 811 in
346 768 404 811 sua
418 753 577 832 potestate
595 768 664 812 esse
678 748 774 812 velle.
808 748 903 812 Hanc
925 749 980 813 ille
1003 769 1073 815 non

163 852 263 914 lenire
287 850 451 935 obsequio,
475 850 533 914 sed
555 851 728 915 acerbitate
746 852 926 936 opprimere
948 852 1073 917 studuit

164 953 450 1037 Heraclidemque,
482 974 554 1017 cum
583 953 754 1038 Syracusas
782 956 939 1038 venisset,
968 956 1070 1020 inter-

162 1057 334 1121 ficiundum
358 1058 487 1121 curavit.

128 1188 138 1224 1
226 1162 303 1226 VII.
327 1161 552 1236 Quodfaotum
569 1162 715 1224 omnibus
731 1161 907 1224 maximum
918 1162 1070 1227 timorem

162 1268 287 1332 iniecit:
317 1289 413 1333 nemo
447 1268 532 1331 enim
554 1266 609 1329 illo
633 1266 801 1329 interfecto
825 1286 859 1329 se
882 1271 987 1329 tutum
1008 1287 1070 1350 pu-

163 1372 260 1435 tabat.
305 1371 365 1435 llle
403 1376 511 1435 autem
542 1368 724 1434 adversario
758 1374 884 1434 remoto
920 1368 1071 1434 licentius

165 1496 277 1539 eorum
298 1474 398 1557 bona,
431 1496 510 1558 quos
541 1474 663 1537 sciebat
685 1473 837 1538 adversus
866 1495 900 1538 se
923 1475 1071 1558 sensisse,

129 1605 142 1643 a
164 1578 316 1642 militibus
333 1578 519 1661 dispertivit.
550 1577 671 1651 Quibus
688 1577 806 1660 divisis,
830 1599 902 1641 cum
918 1577 1072 1641 cotidiani

164 1681 295 1744 maximi
317 1681 431 1744 fierent
454 1686 607 1764 sumptus,
632 1681 778 1744 celeriter
800 1680 937 1765 pecunia
957 1678 1072 1745 deesse

164 1785 270 1868 coepit
291 1804 406 1867 neque,
431 1805 492 1869 quo
515 1784 846 1876 manusporrigeret,
879 1782 1073 1866 suppetebat

163 1887 224 1950 nisi
243 1887 276 1949 in
292 1887 468 1950 amicorum
484 1887 713 1971 possessiones.
749 1885 789 1949 Id
805 1885 976 1949 eiusmodi
992 1891 1073 1968 erat,

163 1998 208 2071 ut,
229 2010 301 2054 cum
316 1991 433 2054 milites
448 1991 695 2071 reconciliasset,
712 1990 874 2053 amitteret
890 1989 1072 2073 optimates.

129 2119 141 2156 a
164 2093 307 2166 Quarum
321 2114 428 2157 rerum
448 2114 523 2175 cura
537 2093 743 2177 frangebatur
766 2098 798 2156 et
821 2093 963 2156 insuetus
985 2093 1080 2156 male

165 2196 316 2261 audiendi
346 2218 412 2260 non
441 2199 546 2260 animo
571 2219 673 2282 aequo
703 2197 825 2262 ferebat
849 2196 888 2261 de
911 2217 946 2261 se
969 2196 1008 2259 ab
1032 2197 1072 2260 iis

163 2300 247 2363 male
278 2300 468 2383 existimari,
501 2321 637 2385 quorum
669 2301 763 2384 paulo
788 2305 861 2364 ante
890 2301 924 2363 in
945 2300 1071 2364 caelum

164 2403 268 2466 fuerat
290 2402 391 2466 elatus
413 2401 570 2466 laudibus.
615 2402 740 2485 Vulgus
763 2408 871 2466 autem
893 2402 1015 2466 offensa
1037 2404 1070 2468 in

165 2526 238 2568 eum
275 2505 411 2567 militum
442 2507 607 2570 voluntate
645 2508 775 2570 liberius
808 2508 999 2592 loquebatur
1038 2513 1072 2571 et

164 2615 333 2694 tyrannum
355 2630 421 2672 non
442 2609 611 2673 ferendum
635 2609 809 2675 dictitabat.

129 2732 141 2772 1
228 2712 321 2776 Vlll.
351 2713 442 2776 Haeo
466 2714 519 2777 ille
548 2715 675 2778 intuens
699 2735 787 2796 cum,
818 2735 913 2798 quem
936 2712 976 2775 ad
999 2733 1070 2776 mo-

166 2817 242 2880 dum
273 2816 416 2898 sedaret,
448 2819 586 2881 nesciret
617 2822 665 2899 et,
698 2838 851 2901 quorsum
883 2815 1070 2896 evaderent,

164 2922 309 3001 timeret,
343 2920 528 2984 Callicrates
560 2920 707 3004 quidam,
745 2921 822 2984 civis
852 2919 1071 3001 Atheniensis,

166 3024 220 3106 qui
249 3022 343 3085 simul
374 3041 446 3085 cum
476 3043 515 3086 eo
547 3044 588 3087 ex
609 3023 835 3106 Peloponneso
865 3024 899 3085 in
929 3020 1069 3086 Siciliam

165 3129 307 3207 venerat,
329 3123 426 3187 homo
451 3131 484 3188 et
508 3125 639 3188 callidus
663 3131 696 3190 et
719 3124 760 3188 ad
782 3125 928 3189 fraudem
948 3130 1070 3207 acutus,

166 3231 232 3292 sine
261 3230 327 3292 ulla
355 3229 511 3311 religione
541 3250 577 3292 ao
605 3228 685 3310 fide,
715 3228 781 3291 adit
810 3227 851 3290 ad
873 3228 1013 3291 Dionem
1037 3233 1071 3291 et

130 3364 142 3403 2
166 3333 225 3395 ait:
247 3319 330 3395 'eum
352 3352 469 3413 magno
499 3332 531 3393 in
554 3331 695 3414 periculo
720 3352 789 3395 esse
812 3336 944 3414 propter
967 3329 1070 3394 offen-
