<?xml version="1.0" encoding="UTF-8"?>
<!DOCTYPE html PUBLIC "-//W3C//DTD XHTML 1.0 Transitional//EN"
    "http://www.w3.org/TR/xhtml1/DTD/xhtml1-transitional.dtd">
<html xmlns="http://www.w3.org/1999/xhtml" xml:lang="en" lang="en">
 <head>
  <title>
</title>
<meta http-equiv="Content-Type" content="text/html;charset=utf-8" />
  <meta name='ocr-system' content='tesseract 3.04.00' />
  <meta name='ocr-capabilities' content='ocr_page ocr_carea ocr_par ocr_line ocrx_word'/>
</head>
<body>
  <div class='ocr_page' id='page_1' title='image "./corneliinepotis15nepogoog_0102.png"; bbox 0 0 2400 3848; ppageno 0'>
   <div class='ocr_carea' id='block_1_1' title="bbox 274 259 1029 326">
    <p class='ocr_par' dir='ltr' id='par_1_1' title="bbox 274 259 1029 326">
     <span class='ocr_line' id='line_1_1' title="bbox 274 259 1029 326; baseline 0.007 -25"><span class='ocrx_word' id='word_1_1' title='bbox 274 261 333 301; x_wconf 83' lang='lat' dir='ltr'>xr1.</span> <span class='ocrx_word' id='word_1_2' title='bbox 346 259 513 300; x_wconf 76' lang='lat' dir='ltr'>Panormus.</span> <span class='ocrx_word' id='word_1_3' title='bbox 526 260 544 299; x_wconf 79' lang='lat' dir='ltr'>o.</span> <span class='ocrx_word' id='word_1_4' title='bbox 560 281 581 289; x_wconf 98' lang='lat'>-</span> <span class='ocrx_word' id='word_1_5' title='bbox 596 260 666 301; x_wconf 86' lang='lat' dir='ltr'>xvn.</span> <span class='ocrx_word' id='word_1_6' title='bbox 680 261 845 304; x_wconf 75' lang='lat' dir='ltr'>aousmuus.</span> <span class='ocrx_word' id='word_1_7' title='bbox 859 264 877 304; x_wconf 91' lang='lat'>1.</span> <span class='ocrx_word' id='word_1_8' title='bbox 993 269 1029 326; x_wconf 72' lang='lat' dir='ltr'>gp</span> 
     </span>
    </p>
   </div>
   <div class='ocr_carea' id='block_1_2' title="bbox 70 408 1068 2978">
    <p class='ocr_par' dir='ltr' id='par_1_2' title="bbox 127 408 1030 598">
     <span class='ocr_line' id='line_1_2' title="bbox 127 408 1030 495; baseline 0.004 -21"><span class='ocrx_word' id='word_1_9' title='bbox 127 411 206 475; x_wconf 91' lang='lat' dir='ltr'>haec</span> <span class='ocrx_word' id='word_1_10' title='bbox 229 410 288 473; x_wconf 88' lang='lat' dir='ltr'>fuit</span> <span class='ocrx_word' id='word_1_11' title='bbox 310 408 411 473; x_wconf 90' lang='lat' dir='ltr'>altera</span> <span class='ocrx_word' id='word_1_12' title='bbox 431 429 570 495; x_wconf 87' lang='lat' dir='ltr'>persona</span> <span class='ocrx_word' id='word_1_13' title='bbox 591 409 724 491; x_wconf 81' lang='lat' dir='ltr'>Thebis,</span> <span class='ocrx_word' id='word_1_14' title='bbox 757 411 815 476; x_wconf 90' lang='lat' dir='ltr'>sed</span> <span class='ocrx_word' id='word_1_15' title='bbox 844 419 951 477; x_wconf 91' lang='lat' dir='ltr'>tamen</span> <span class='ocrx_word' id='word_1_16' title='bbox 980 434 1030 478; x_wconf 89' lang='lat' dir='ltr'>se-</span> 
     </span>
     <span class='ocr_line' id='line_1_3' title="bbox 127 513 916 598; baseline 0.001 -20"><span class='ocrx_word' id='word_1_17' title='bbox 127 514 232 578; x_wconf 90' lang='lat' dir='ltr'>cunda</span> <span class='ocrx_word' id='word_1_18' title='bbox 253 514 308 596; x_wconf 89' lang='lat' dir='ltr'>ita,</span> <span class='ocrx_word' id='word_1_19' title='bbox 329 519 365 577; x_wconf 91' lang='lat' dir='ltr'>ut</span> <span class='ocrx_word' id='word_1_20' title='bbox 386 514 534 594; x_wconf 90' lang='lat' dir='ltr'>proxima</span> <span class='ocrx_word' id='word_1_21' title='bbox 556 519 641 578; x_wconf 88' lang='lat' dir='ltr'>esset</span> <span class='ocrx_word' id='word_1_22' title='bbox 663 513 916 598; x_wconf 81' lang='lat' dir='ltr'>Epaminondae.</span> 
     </span>
    </p>

    <p class='ocr_par' dir='ltr' id='par_1_3' title="bbox 70 618 1068 2978">
     <span class='ocr_line' id='line_1_4' title="bbox 191 618 1064 691; baseline 0.001 -10"><span class='ocrx_word' id='word_1_23' title='bbox 191 618 233 682; x_wconf 82' lang='lat' dir='ltr'>V.</span> <span class='ocrx_word' id='word_1_24' title='bbox 258 618 462 682; x_wconf 76' lang='lat' dir='ltr'>Conflictatus</span> <span class='ocrx_word' id='word_1_25' title='bbox 478 624 586 683; x_wconf 89' lang='lat' dir='ltr'>autem</span> <span class='ocrx_word' id='word_1_26' title='bbox 600 624 648 682; x_wconf 89' lang='lat' dir='ltr'>est</span> <span class='ocrx_word' id='word_1_27' title='bbox 661 639 733 682; x_wconf 93' lang='lat' dir='ltr'>cum</span> <span class='ocrx_word' id='word_1_28' title='bbox 749 618 1030 684; x_wconf 72' lang='lat' dir='ltr'>adversatortuna.</span> <span class='ocrx_word' id='word_1_29' title='bbox 1053 653 1064 691; x_wconf 82' lang='lat'>1</span> 
     </span>
     <span class='ocr_line' id='line_1_5' title="bbox 128 722 1030 807; baseline 0.003 -22"><span class='ocrx_word' id='word_1_30' title='bbox 128 722 212 785; x_wconf 90' lang='lat' dir='ltr'>Nam</span> <span class='ocrx_word' id='word_1_31' title='bbox 234 727 267 786; x_wconf 92' lang='lat' dir='ltr'>et</span> <span class='ocrx_word' id='word_1_32' title='bbox 288 722 389 804; x_wconf 90' lang='lat' dir='ltr'>initio,</span> <span class='ocrx_word' id='word_1_33' title='bbox 413 723 493 785; x_wconf 91' lang='lat' dir='ltr'>siout</span> <span class='ocrx_word' id='word_1_34' title='bbox 509 722 716 805; x_wconf 84' lang='lat' dir='ltr'>ostendimus,</span> <span class='ocrx_word' id='word_1_35' title='bbox 740 724 832 786; x_wconf 86' lang='lat' dir='ltr'>exsul</span> <span class='ocrx_word' id='word_1_36' title='bbox 854 723 957 807; x_wconf 90' lang='lat' dir='ltr'>patria</span> <span class='ocrx_word' id='word_1_37' title='bbox 980 745 1030 788; x_wconf 91' lang='lat' dir='ltr'>ca-</span> 
     </span>
     <span class='ocr_line' id='line_1_6' title="bbox 128 824 1030 910; baseline 0.002 -22"><span class='ocrx_word' id='word_1_38' title='bbox 128 826 190 888; x_wconf 93' lang='lat' dir='ltr'>ruit</span> <span class='ocrx_word' id='word_1_39' title='bbox 213 830 255 907; x_wconf 87' lang='lat' dir='ltr'>et,</span> <span class='ocrx_word' id='word_1_40' title='bbox 279 846 351 889; x_wconf 92' lang='lat' dir='ltr'>cum</span> <span class='ocrx_word' id='word_1_41' title='bbox 372 824 569 890; x_wconf 80' lang='lat' dir='ltr'><strong>Thessaliam</strong></span> <span class='ocrx_word' id='word_1_42' title='bbox 592 826 624 888; x_wconf 92' lang='lat' dir='ltr'>in</span> <span class='ocrx_word' id='word_1_43' title='bbox 646 831 840 910; x_wconf 89' lang='lat' dir='ltr'>potestatem</span> <span class='ocrx_word' id='word_1_44' title='bbox 861 826 1030 890; x_wconf 90' lang='lat' dir='ltr'>Thebano-</span> 
     </span>
     <span class='ocr_line' id='line_1_7' title="bbox 127 928 1031 1014; baseline 0.002 -22"><span class='ocrx_word' id='word_1_45' title='bbox 127 949 198 992; x_wconf 91' lang='lat' dir='ltr'>rum</span> <span class='ocrx_word' id='word_1_46' title='bbox 233 933 365 1012; x_wconf 91' lang='lat' dir='ltr'>cuperet</span> <span class='ocrx_word' id='word_1_47' title='bbox 397 928 545 1010; x_wconf 83' lang='lat' dir='ltr'>redigere</span> <span class='ocrx_word' id='word_1_48' title='bbox 579 929 812 1014; x_wconf 80' lang='lat' dir='ltr'>legationisque</span> <span class='ocrx_word' id='word_1_49' title='bbox 850 930 918 995; x_wconf 89' lang='lat' dir='ltr'>iure</span> <span class='ocrx_word' id='word_1_50' title='bbox 956 932 1031 995; x_wconf 84' lang='lat' dir='ltr'>satis</span> 
     </span>
     <span class='ocr_line' id='line_1_8' title="bbox 127 1021 1032 1118; baseline 0.003 -24"><span class='ocrx_word' id='word_1_51' title='bbox 127 1035 247 1096; x_wconf 92' lang='lat' dir='ltr'>tectum</span> <span class='ocrx_word' id='word_1_52' title='bbox 270 1052 303 1095; x_wconf 92' lang='lat' dir='ltr'>se</span> <span class='ocrx_word' id='word_1_53' title='bbox 327 1032 543 1115; x_wconf 88' lang='lat' dir='ltr'>arbitraretur,</span> <span class='ocrx_word' id='word_1_54' title='bbox 567 1032 654 1116; x_wconf 93' lang='lat' dir='ltr'>quod</span> <span class='ocrx_word' id='word_1_55' title='bbox 676 1033 761 1118; x_wconf 89' lang='lat' dir='ltr'>apud</span> <span class='ocrx_word' id='word_1_56' title='bbox 786 1054 896 1098; x_wconf 88' lang='lat' dir='ltr'>omues</span> <span class='ocrx_word' id='word_1_57' title='bbox 918 1021 1032 1118; x_wconf 77' lang='lat' dir='ltr'>gentes</span> 
     </span>
     <span class='ocr_line' id='line_1_9' title="bbox 129 1136 1030 1221; baseline 0.003 -23"><span class='ocrx_word' id='word_1_58' title='bbox 129 1140 272 1198; x_wconf 89' lang='lat' dir='ltr'>sanctum</span> <span class='ocrx_word' id='word_1_59' title='bbox 302 1155 372 1200; x_wconf 88' lang='lat' dir='ltr'>esse</span> <span class='ocrx_word' id='word_1_60' title='bbox 403 1141 603 1219; x_wconf 77' lang='lat' dir='ltr'>consuesset,</span> <span class='ocrx_word' id='word_1_61' title='bbox 634 1157 653 1199; x_wconf 92' lang='lat' dir='ltr'>a</span> <span class='ocrx_word' id='word_1_62' title='bbox 681 1141 816 1221; x_wconf 81' lang='lat' dir='ltr'>tyranno</span> <span class='ocrx_word' id='word_1_63' title='bbox 844 1136 1030 1201; x_wconf 85' lang='lat' dir='ltr'>Alexandro</span> 
     </span>
     <span class='ocr_line' id='line_1_10' title="bbox 128 1237 1031 1326; baseline 0.004 -25"><span class='ocrx_word' id='word_1_64' title='bbox 128 1237 275 1302; x_wconf 83' lang='lat' dir='ltr'>Pheraeo</span> <span class='ocrx_word' id='word_1_65' title='bbox 313 1239 406 1302; x_wconf 89' lang='lat' dir='ltr'>simul</span> <span class='ocrx_word' id='word_1_66' title='bbox 440 1260 512 1303; x_wconf 93' lang='lat' dir='ltr'>cum</span> <span class='ocrx_word' id='word_1_67' title='bbox 545 1239 685 1303; x_wconf 90' lang='lat' dir='ltr'>Ismenia</span> <span class='ocrx_word' id='word_1_68' title='bbox 716 1241 964 1326; x_wconf 89' lang='lat' dir='ltr'>comprehensus</span> <span class='ocrx_word' id='word_1_69' title='bbox 999 1242 1031 1304; x_wconf 90' lang='lat' dir='ltr'>in</span> 
     </span>
     <span class='ocr_line' id='line_1_11' title="bbox 128 1341 1066 1429; baseline 0.005 -26"><span class='ocrx_word' id='word_1_70' title='bbox 128 1341 232 1404; x_wconf 85' lang='lat' dir='ltr'>vincla</span> <span class='ocrx_word' id='word_1_71' title='bbox 273 1343 435 1406; x_wconf 90' lang='lat' dir='ltr'>coniectus</span> <span class='ocrx_word' id='word_1_72' title='bbox 458 1347 516 1407; x_wconf 88' lang='lat' dir='ltr'>est.</span> <span class='ocrx_word' id='word_1_73' title='bbox 560 1343 657 1407; x_wconf 91' lang='lat' dir='ltr'>Hunc</span> <span class='ocrx_word' id='word_1_74' title='bbox 679 1342 918 1429; x_wconf 79' lang='lat' dir='ltr'>Epaminondas</span> <span class='ocrx_word' id='word_1_75' title='bbox 940 1365 1031 1409; x_wconf 90' lang='lat' dir='ltr'>recu·</span> <span class='ocrx_word' id='word_1_76' title='bbox 1054 1378 1066 1416; x_wconf 77' lang='lat'><em>2</em></span> 
     </span>
     <span class='ocr_line' id='line_1_12' title="bbox 70 1445 1033 1533; baseline 0.004 -27"><span class='ocrx_word' id='word_1_77' title='bbox 70 1467 73 1471; x_wconf 55' lang='grc'><em>“</em></span> <span class='ocrx_word' id='word_1_78' title='bbox 128 1445 254 1528; x_wconf 84' lang='lat' dir='ltr'>paravit</span> <span class='ocrx_word' id='word_1_79' title='bbox 282 1445 367 1509; x_wconf 94' lang='lat' dir='ltr'>bello</span> <span class='ocrx_word' id='word_1_80' title='bbox 396 1467 591 1533; x_wconf 89' lang='lat' dir='ltr'>persequens</span> <span class='ocrx_word' id='word_1_81' title='bbox 615 1445 846 1511; x_wconf 85' lang='lat' dir='ltr'>Alexandrum.</span> <span class='ocrx_word' id='word_1_82' title='bbox 890 1448 970 1511; x_wconf 92' lang='lat' dir='ltr'>Post</span> <span class='ocrx_word' id='word_1_83' title='bbox 989 1448 1033 1512; x_wconf 56' lang='lat' dir='ltr'>‘id</span> 
     </span>
     <span class='ocr_line' id='line_1_13' title="bbox 129 1547 1042 1636; baseline 0.003 -23"><span class='ocrx_word' id='word_1_84' title='bbox 129 1547 249 1613; x_wconf 85' lang='lat' dir='ltr'>factum</span> <span class='ocrx_word' id='word_1_85' title='bbox 270 1571 443 1634; x_wconf 87' lang='lat' dir='ltr'>numquam</span> <span class='ocrx_word' id='word_1_86' title='bbox 472 1551 576 1614; x_wconf 92' lang='lat' dir='ltr'>animo</span> <span class='ocrx_word' id='word_1_87' title='bbox 606 1552 726 1635; x_wconf 90' lang='lat' dir='ltr'>placari</span> <span class='ocrx_word' id='word_1_88' title='bbox 754 1552 859 1636; x_wconf 92' lang='lat' dir='ltr'>potuit</span> <span class='ocrx_word' id='word_1_89' title='bbox 887 1552 918 1615; x_wconf 94' lang='lat' dir='ltr'>in</span> <span class='ocrx_word' id='word_1_90' title='bbox 949 1573 1042 1635; x_wconf 83' lang='lat' dir='ltr'>eum,</span> 
     </span>
     <span class='ocr_line' id='line_1_14' title="bbox 130 1653 1033 1739; baseline 0.004 -25"><span class='ocrx_word' id='word_1_91' title='bbox 130 1671 234 1736; x_wconf 92' lang='lat' dir='ltr'>aquo</span> <span class='ocrx_word' id='word_1_92' title='bbox 259 1659 327 1716; x_wconf 89' lang='lat' dir='ltr'>erat</span> <span class='ocrx_word' id='word_1_93' title='bbox 348 1653 495 1717; x_wconf 86' lang='lat' dir='ltr'>violatus.</span> <span class='ocrx_word' id='word_1_94' title='bbox 539 1653 652 1738; x_wconf 92' lang='lat' dir='ltr'>Itaque</span> <span class='ocrx_word' id='word_1_95' title='bbox 684 1655 841 1738; x_wconf 89' lang='lat' dir='ltr'>persuasit</span> <span class='ocrx_word' id='word_1_96' title='bbox 862 1654 1033 1739; x_wconf 84' lang='lat' dir='ltr'>Thebanis,</span> 
     </span>
     <span class='ocr_line' id='line_1_15' title="bbox 129 1756 1033 1843; baseline 0.002 -23"><span class='ocrx_word' id='word_1_97' title='bbox 129 1762 165 1820; x_wconf 94' lang='lat' dir='ltr'>ut</span> <span class='ocrx_word' id='word_1_98' title='bbox 194 1756 334 1820; x_wconf 86' lang='lat' dir='ltr'>subsidio</span> <span class='ocrx_word' id='word_1_99' title='bbox 358 1757 540 1821; x_wconf 83' lang='lat' dir='ltr'>Thessaliae</span> <span class='ocrx_word' id='word_1_100' title='bbox 569 1757 845 1841; x_wconf 88' lang='lat' dir='ltr'>proficiscerentur</span> <span class='ocrx_word' id='word_1_101' title='bbox 867 1764 1033 1843; x_wconf 83' lang='lat' dir='ltr'>tyrannos·</span> 
     </span>
     <span class='ocr_line' id='line_1_16' title="bbox 130 1860 1067 1946; baseline 0.001 -22"><span class='ocrx_word' id='word_1_102' title='bbox 130 1882 192 1945; x_wconf 92' lang='lat' dir='ltr'>que</span> <span class='ocrx_word' id='word_1_103' title='bbox 216 1862 283 1926; x_wconf 88' lang='lat' dir='ltr'>eius</span> <span class='ocrx_word' id='word_1_104' title='bbox 300 1863 510 1946; x_wconf 79' lang='lat' dir='ltr'>expellerent.</span> <span class='ocrx_word' id='word_1_105' title='bbox 549 1860 646 1925; x_wconf 80' lang='lat' dir='ltr'>Cuius</span> <span class='ocrx_word' id='word_1_106' title='bbox 667 1861 742 1924; x_wconf 90' lang='lat' dir='ltr'>belli</span> <span class='ocrx_word' id='word_1_107' title='bbox 766 1881 837 1924; x_wconf 93' lang='lat' dir='ltr'>cum</span> <span class='ocrx_word' id='word_1_108' title='bbox 860 1861 890 1924; x_wconf 89' lang='lat' dir='ltr'>ei</span> <span class='ocrx_word' id='word_1_109' title='bbox 911 1883 1035 1925; x_wconf 89' lang='lat' dir='ltr'>summa</span> <span class='ocrx_word' id='word_1_110' title='bbox 1055 1899 1067 1936; x_wconf 72' lang='lat'><strong>3</strong></span> 
     </span>
     <span class='ocr_line' id='line_1_17' title="bbox 130 1963 1033 2049; baseline -0.002 -21"><span class='ocrx_word' id='word_1_111' title='bbox 130 1969 216 2029; x_wconf 87' lang='lat' dir='ltr'>esset</span> <span class='ocrx_word' id='word_1_112' title='bbox 245 1963 321 2027; x_wconf 91' lang='lat' dir='ltr'>data</span> <span class='ocrx_word' id='word_1_113' title='bbox 349 1985 452 2049; x_wconf 90' lang='lat' dir='ltr'>eoque</span> <span class='ocrx_word' id='word_1_114' title='bbox 482 1984 554 2027; x_wconf 90' lang='lat' dir='ltr'>cum</span> <span class='ocrx_word' id='word_1_115' title='bbox 583 1965 726 2026; x_wconf 88' lang='lat' dir='ltr'>exercitu</span> <span class='ocrx_word' id='word_1_116' title='bbox 748 1963 910 2047; x_wconf 87' lang='lat' dir='ltr'>profectus</span> <span class='ocrx_word' id='word_1_117' title='bbox 938 1969 1033 2045; x_wconf 90' lang='lat' dir='ltr'>esset,</span> 
     </span>
     <span class='ocr_line' id='line_1_18' title="bbox 130 2066 1033 2150; baseline -0.003 -19"><span class='ocrx_word' id='word_1_118' title='bbox 130 2088 195 2131; x_wconf 94' lang='lat' dir='ltr'>non</span> <span class='ocrx_word' id='word_1_119' title='bbox 219 2067 390 2150; x_wconf 81' lang='lat' dir='ltr'>dubitavit,</span> <span class='ocrx_word' id='word_1_120' title='bbox 416 2068 509 2136; x_wconf 87' lang='lat' dir='ltr'>simul</span> <span class='ocrx_word' id='word_1_121' title='bbox 538 2087 574 2130; x_wconf 92' lang='lat' dir='ltr'>ac</span> <span class='ocrx_word' id='word_1_122' title='bbox 597 2067 765 2150; x_wconf 86' lang='lat' dir='ltr'>conspexit</span> <span class='ocrx_word' id='word_1_123' title='bbox 786 2066 928 2148; x_wconf 85' lang='lat' dir='ltr'>hostem,</span> <span class='ocrx_word' id='word_1_124' title='bbox 957 2085 1033 2128; x_wconf 89' lang='lat' dir='ltr'>oon·</span> 
     </span>
     <span class='ocr_line' id='line_1_19' title="bbox 129 2166 1068 2256; baseline -0.002 -20"><span class='ocrx_word' id='word_1_125' title='bbox 129 2173 251 2256; x_wconf 91' lang='lat' dir='ltr'>fligere.</span> <span class='ocrx_word' id='word_1_126' title='bbox 295 2171 335 2235; x_wconf 92' lang='lat' dir='ltr'>In</span> <span class='ocrx_word' id='word_1_127' title='bbox 357 2191 420 2255; x_wconf 96' lang='lat' dir='ltr'>quo</span> <span class='ocrx_word' id='word_1_128' title='bbox 443 2169 567 2254; x_wconf 90' lang='lat' dir='ltr'>proelio</span> <span class='ocrx_word' id='word_1_129' title='bbox 590 2168 813 2233; x_wconf 84' lang='lat' dir='ltr'>Alexandrum</span> <span class='ocrx_word' id='word_1_130' title='bbox 834 2173 870 2231; x_wconf 93' lang='lat' dir='ltr'>ut</span> <span class='ocrx_word' id='word_1_131' title='bbox 892 2166 1033 2231; x_wconf 89' lang='lat' dir='ltr'>animad-</span> <span class='ocrx_word' id='word_1_132' title='bbox 1055 2199 1068 2234; x_wconf 82' lang='lat'>4</span> 
     </span>
     <span class='ocr_line' id='line_1_20' title="bbox 130 2272 1034 2358; baseline -0.006 -19"><span class='ocrx_word' id='word_1_133' title='bbox 130 2277 242 2358; x_wconf 84' lang='lat' dir='ltr'>vertit,</span> <span class='ocrx_word' id='word_1_134' title='bbox 280 2275 426 2338; x_wconf 90' lang='lat' dir='ltr'>incensus</span> <span class='ocrx_word' id='word_1_135' title='bbox 457 2274 505 2335; x_wconf 88' lang='lat' dir='ltr'>ira</span> <span class='ocrx_word' id='word_1_136' title='bbox 536 2293 653 2356; x_wconf 92' lang='lat' dir='ltr'>equum</span> <span class='ocrx_word' id='word_1_137' title='bbox 688 2272 721 2334; x_wconf 94' lang='lat' dir='ltr'>in</span> <span class='ocrx_word' id='word_1_138' title='bbox 757 2293 831 2336; x_wconf 94' lang='lat' dir='ltr'>eum</span> <span class='ocrx_word' id='word_1_139' title='bbox 863 2273 1034 2336; x_wconf 80' lang='lat' dir='ltr'>concitavit</span> 
     </span>
     <span class='ocr_line' id='line_1_21' title="bbox 130 2375 1034 2464; baseline -0.002 -22"><span class='ocrx_word' id='word_1_140' title='bbox 130 2379 305 2464; x_wconf 80' lang='lat' dir='ltr'>proculque</span> <span class='ocrx_word' id='word_1_141' title='bbox 350 2376 511 2461; x_wconf 87' lang='lat' dir='ltr'>digressus</span> <span class='ocrx_word' id='word_1_142' title='bbox 551 2396 571 2439; x_wconf 93' lang='lat' dir='ltr'>a</span> <span class='ocrx_word' id='word_1_143' title='bbox 612 2375 675 2438; x_wconf 86' lang='lat' dir='ltr'>suis</span> <span class='ocrx_word' id='word_1_144' title='bbox 713 2376 858 2439; x_wconf 91' lang='lat' dir='ltr'>coniectu</span> <span class='ocrx_word' id='word_1_145' title='bbox 894 2375 1034 2440; x_wconf 90' lang='lat' dir='ltr'>telorum</span> 
     </span>
     <span class='ocr_line' id='line_1_22' title="bbox 131 2477 1035 2563; baseline -0.007 -16"><span class='ocrx_word' id='word_1_146' title='bbox 131 2482 296 2547; x_wconf 89' lang='lat' dir='ltr'>confossus</span> <span class='ocrx_word' id='word_1_147' title='bbox 319 2480 465 2545; x_wconf 91' lang='lat' dir='ltr'>concidit.</span> <span class='ocrx_word' id='word_1_148' title='bbox 510 2479 618 2563; x_wconf 87' lang='lat' dir='ltr'>Atque</span> <span class='ocrx_word' id='word_1_149' title='bbox 649 2479 711 2543; x_wconf 93' lang='lat' dir='ltr'>hoc</span> <span class='ocrx_word' id='word_1_150' title='bbox 739 2477 881 2542; x_wconf 90' lang='lat' dir='ltr'>secunda</span> <span class='ocrx_word' id='word_1_151' title='bbox 901 2478 1035 2542; x_wconf 88' lang='lat' dir='ltr'>victoria</span> 
     </span>
     <span class='ocr_line' id='line_1_23' title="bbox 131 2583 1034 2666; baseline -0.006 -16"><span class='ocrx_word' id='word_1_152' title='bbox 131 2586 262 2650; x_wconf 88' lang='lat' dir='ltr'>accidit:</span> <span class='ocrx_word' id='word_1_153' title='bbox 296 2606 369 2647; x_wconf 88' lang='lat' dir='ltr'>nam</span> <span class='ocrx_word' id='word_1_154' title='bbox 399 2583 464 2646; x_wconf 90' lang='lat' dir='ltr'>iam</span> <span class='ocrx_word' id='word_1_155' title='bbox 494 2583 662 2647; x_wconf 80' lang='lat' dir='ltr'>inclinatae</span> <span class='ocrx_word' id='word_1_156' title='bbox 700 2588 790 2647; x_wconf 91' lang='lat' dir='ltr'>erant</span> <span class='ocrx_word' id='word_1_157' title='bbox 825 2589 1034 2666; x_wconf 83' lang='lat' dir='ltr'>tyrannorum</span> 
     </span>
     <span class='ocr_line' id='line_1_24' title="bbox 105 2685 1068 2770; baseline -0.004 -18"><span class='ocrx_word' id='word_1_158' title='bbox 105 2688 252 2770; x_wconf 88' lang='lat' dir='ltr'>copiae.</span> <span class='ocrx_word' id='word_1_159' title='bbox 299 2686 369 2761; x_wconf 83' lang='lat' dir='ltr'>Quo</span> <span class='ocrx_word' id='word_1_160' title='bbox 407 2686 491 2750; x_wconf 82' lang='lat' dir='ltr'>facto</span> <span class='ocrx_word' id='word_1_161' title='bbox 531 2707 641 2750; x_wconf 91' lang='lat' dir='ltr'>omnes</span> <span class='ocrx_word' id='word_1_162' title='bbox 672 2685 856 2751; x_wconf 87' lang='lat' dir='ltr'>Thessaliae</span> <span class='ocrx_word' id='word_1_163' title='bbox 890 2686 1068 2756; x_wconf 74' lang='lat' dir='ltr'>civitates5</span> 
     </span>
     <span class='ocr_line' id='line_1_25' title="bbox 129 2788 1033 2873; baseline -0.004 -19"><span class='ocrx_word' id='word_1_164' title='bbox 129 2791 333 2854; x_wconf 84' lang='lat' dir='ltr'>interfectum</span> <span class='ocrx_word' id='word_1_165' title='bbox 356 2789 546 2873; x_wconf 89' lang='lat' dir='ltr'>Pelopidam</span> <span class='ocrx_word' id='word_1_166' title='bbox 573 2789 699 2853; x_wconf 91' lang='lat' dir='ltr'>coronis</span> <span class='ocrx_word' id='word_1_167' title='bbox 729 2789 831 2852; x_wconf 87' lang='lat' dir='ltr'>aureis</span> <span class='ocrx_word' id='word_1_168' title='bbox 862 2794 894 2852; x_wconf 91' lang='lat' dir='ltr'>et</span> <span class='ocrx_word' id='word_1_169' title='bbox 923 2788 1033 2851; x_wconf 90' lang='lat' dir='ltr'>statuis</span> 
     </span>
     <span class='ocr_line' id='line_1_26' title="bbox 131 2892 951 2978; baseline -0.006 -19"><span class='ocrx_word' id='word_1_170' title='bbox 131 2896 240 2959; x_wconf 72' lang='lat' dir='ltr'>aeneis</span> <span class='ocrx_word' id='word_1_171' title='bbox 261 2895 442 2978; x_wconf 84' lang='lat' dir='ltr'>liberosque</span> <span class='ocrx_word' id='word_1_172' title='bbox 466 2895 534 2957; x_wconf 92' lang='lat' dir='ltr'>eius</span> <span class='ocrx_word' id='word_1_173' title='bbox 557 2893 657 2957; x_wconf 93' lang='lat' dir='ltr'>multo</span> <span class='ocrx_word' id='word_1_174' title='bbox 681 2913 759 2977; x_wconf 92' lang='lat' dir='ltr'>agro</span> <span class='ocrx_word' id='word_1_175' title='bbox 784 2892 951 2955; x_wconf 89' lang='lat' dir='ltr'>donarunt.</span> 
     </span>
    </p>
   </div>
   <div class='ocr_carea' id='block_1_3' title="bbox 438 3065 724 3252">
    <p class='ocr_par' dir='ltr' id='par_1_4' title="bbox 438 3065 724 3252">
     <span class='ocr_line' id='line_1_27' title="bbox 527 3065 637 3130; baseline -0.018 0"><span class='ocrx_word' id='word_1_176' title='bbox 527 3065 637 3130; x_wconf 86' lang='lat' dir='ltr'>XVH.</span> 
     </span>
     <span class='ocr_line' id='line_1_28' title="bbox 438 3178 724 3252; baseline -0.007 0"><span class='ocrx_word' id='word_1_177' title='bbox 438 3178 724 3252; x_wconf 76' lang='lat' dir='ltr'><strong>AGESILAUS.</strong></span> 
     </span>
    </p>
   </div>
   <div class='ocr_carea' id='block_1_4' title="bbox 132 3302 1066 3495">
    <p class='ocr_par' dir='ltr' id='par_1_5' title="bbox 132 3302 1066 3495">
     <span class='ocr_line' id='line_1_29' title="bbox 195 3302 1066 3390; baseline -0.009 -19"><span class='ocrx_word' id='word_1_178' title='bbox 195 3307 222 3372; x_wconf 91' lang='grc' dir='ltr'>Ι.</span> <span class='ocrx_word' id='word_1_179' title='bbox 260 3307 480 3390; x_wconf 81' lang='lat' dir='ltr'>Agesilaus</span> <span class='ocrx_word' id='word_1_180' title='bbox 522 3302 873 3369; x_wconf 87' lang='lat' dir='ltr'>Lacedaemonius</span> <span class='ocrx_word' id='word_1_181' title='bbox 911 3322 982 3365; x_wconf 91' lang='lat' dir='ltr'>cum</span> <span class='ocrx_word' id='word_1_182' title='bbox 1015 3322 1066 3371; x_wconf 85' lang='lat' dir='ltr'>a1</span> 
     </span>
     <span class='ocr_line' id='line_1_30' title="bbox 132 3403 1032 3495; baseline -0.012 -18"><span class='ocrx_word' id='word_1_183' title='bbox 132 3413 247 3477; x_wconf 87' lang='lat' dir='ltr'>ceteris</span> <span class='ocrx_word' id='word_1_184' title='bbox 283 3409 488 3495; x_wconf 88' lang='lat' dir='ltr'>scriptoribus</span> <span class='ocrx_word' id='word_1_185' title='bbox 521 3414 589 3472; x_wconf 91' lang='lat' dir='ltr'>tum</span> <span class='ocrx_word' id='word_1_186' title='bbox 619 3407 735 3471; x_wconf 88' lang='lat' dir='ltr'>eximie</span> <span class='ocrx_word' id='word_1_187' title='bbox 767 3427 786 3469; x_wconf 90' lang='lat' dir='ltr'>a</span> <span class='ocrx_word' id='word_1_188' title='bbox 815 3403 1032 3488; x_wconf 90' lang='lat' dir='ltr'>Xenophonte</span> 
     </span>
    </p>
   </div>
   <div class='ocr_carea' id='block_1_5' title="bbox 0 0 1212 3848">
    <p class='ocr_par' dir='ltr' id='par_1_6' title="bbox 0 0 1212 3848">
     <span class='ocr_line' id='line_1_31' title="bbox 0 0 1212 3848; baseline 0 0"><span class='ocrx_word' id='word_1_189' title='bbox 0 0 1212 3848; x_wconf 95' lang='lat' dir='ltr'> </span> 
     </span>
    </p>
   </div>
  </div>
 </body>
</html>
