2400 3848
189 216 223 272 14
481 219 509 258 m
529 219 752 261 rnnmsroonns.
773 223 791 261 s.

152 387 167 430 1
251 363 309 428 VI.
340 365 477 448 Magnus
508 366 570 431 hoo
600 366 687 430 bello
718 365 950 431 Themistocles
981 384 1088 449 neque

189 465 292 531 minor
322 488 412 552 paee.
459 468 540 533 (lum
562 469 648 533 enim
669 468 841 533 Phalerloo
864 476 960 553 portu
982 487 1088 552 neque

188 590 306 653 magno
325 591 430 654 neque
453 572 538 635 bono
555 571 771 636 Athenienses
794 577 971 654 uterentur,
993 571 1088 636 huius

189 674 321 738 oonsilio
358 675 478 759 triplex
513 675 620 740 Piraei
658 682 769 760 portus
810 676 1003 740 constitutus
1040 678 1089 738 est

188 775 288 860 iisque
320 777 487 842 moenibus
515 778 745 860 circumdatus,
777 783 813 842 ut
843 778 946 861 ipsam
976 777 1089 841 urbem

155 911 167 950 o
190 882 343 966 dignitate
366 883 596 968 aequiperaret,
619 883 754 948 utilitate
779 889 953 968 superaret.
998 882 1092 948 Idem

188 1004 296 1047 muros
311 983 556 1049 Atheniensium
570 985 709 1049 restituit
730 986 902 1070 praecipuo
926 1007 984 1051 suo
1005 986 1090 1073 peri-

189 1089 271 1153 culo.
315 1088 462 1172 Namque
495 1087 743 1152 Lacedaemonii
776 1109 903 1152 oausam
940 1088 1090 1154 idoneam

187 1192 272 1269 noeti
300 1197 432 1276 propter
458 1191 667 1256 barbarorum
689 1193 910 1274 excursiones,
942 1213 1006 1277 qua
1032 1214 1089 1256 ne-

187 1299 301 1379 garent
317 1300 466 1379 oportere
483 1300 574 1360 extra
588 1294 849 1380 Peloponnesum
864 1297 962 1360 ullam
977 1296 1090 1361 urbem

187 1420 295 1462 muros
331 1399 467 1481 habere,
511 1420 552 1463 ne
590 1403 696 1462 essent
726 1398 798 1463 looa
833 1399 970 1482 munita,
1009 1421 1090 1485 quae

187 1501 298 1566 hostes
317 1501 529 1585 possiderent,
552 1500 766 1566 Athenienses
790 1501 993 1567 aedificantes
1015 1523 1090 1587 pro·

153 1605 297 1673 shibere
329 1610 402 1668 sunt
438 1605 552 1668 eonati.
597 1603 670 1668 Hoo
701 1604 797 1688 longe
831 1605 893 1669 alio
928 1604 1092 1690 spectabat

188 1714 282 1792 atque
305 1707 406 1771 videri
429 1707 589 1772 volebant.
635 1707 850 1773 Athenienses
869 1709 954 1772 enim
970 1708 1091 1771 duabus

187 1812 345 1894 victoriis,
376 1811 577 1875 Marathonia
606 1817 639 1876 et
661 1811 847 1895 Salaminia,
878 1816 999 1874 tantam
1020 1811 1091 1894 glo·

187 1916 267 1978 riam
303 1914 388 1999 apud
426 1935 536 1978 omnes
572 1919 686 1998 gentes
720 1919 811 1978 erant
841 1914 1019 1997 consecuti,
1056 1919 1092 1976 ut

187 2018 413 2102 intellegerent
448 2016 696 2082 Lacedaemonii
736 2017 776 2082 do
815 2018 995 2103 principatu
1033 2017 1092 2080 sibi

155 2143 259 2193 ioum
293 2123 332 2187 iis
370 2128 532 2187 certamen
562 2123 641 2186 fore.
688 2121 792 2196 Quare
826 2141 881 2184 eos
917 2142 1012 2206 quam
1043 2121 1090 2184 in-

186 2225 384 2291 firmissimos
407 2247 476 2290 esse
499 2225 659 2290 volebant.
704 2226 879 2310 Postquam
902 2230 1009 2288 autem
1032 2244 1089 2287 au-

188 2328 314 2392 dierunt
344 2349 453 2392 muros
481 2329 576 2410 strui,
606 2328 730 2411 legatos
752 2327 897 2391 Athenas
926 2327 1090 2411 miserunt,

188 2432 241 2516 qui
272 2432 306 2495 id
335 2433 405 2497 fieri
434 2436 590 2497 vetarent.
643 2430 704 2494 His
734 2430 954 2514 praesentibus
986 2430 1090 2495 desie-

187 2539 261 2596 runt
288 2555 326 2598 ao
355 2555 389 2598 se
423 2534 463 2598 de
495 2556 534 2598 ea
563 2555 599 2598 rs
625 2534 750 2618 legatos
781 2533 823 2597 sd
852 2554 908 2598 eos
939 2534 1090 2598 missuros

154 2636 347 2709 edixerunt.
392 2637 486 2702 Hane
517 2637 713 2721 legationem
744 2637 883 2721 susoepit
910 2636 1090 2700 Themisto·

188 2742 253 2806 eles
276 2747 309 2806 et
337 2742 423 2805 solus
444 2741 547 2825 primo
571 2741 733 2825 profectus
757 2745 820 2804 est:
850 2739 964 2824 reliqui
992 2739 1091 2823 legati
1117 2737 1120 2741 ’

186 2851 223 2909 ut
252 2852 321 2909 tum
352 2845 493 2927 exirent,
528 2864 600 2907 oum
631 2843 706 2906 satis
738 2843 793 2906 alti
824 2842 906 2905 muri
937 2843 1091 2906 exstruoti

187 2948 386 3031 viderentur,
409 2948 589 3033 praecepit:
620 2947 749 3011 interim
772 2967 899 3030 omnes,
930 2947 1013 3010 servi
1043 2951 1089 3009 at-

188 3073 249 3137 que
278 3052 388 3131 liberi,
421 3072 501 3136 opus
528 3051 671 3116 facerent
698 3073 803 3136 neque
834 3052 892 3115 ulli
913 3053 984 3116 looo
1018 3071 1089 3135 par-

188 3160 315 3236 cerent,
349 3154 415 3219 sive
447 3175 536 3219 ssoer
558 3155 625 3220 sive
655 3155 797 3240 privatus
820 3161 905 3220 esset
933 3156 999 3219 sive
1031 3175 1089 3238 pu-

187 3257 306 3339 blicus,
336 3262 368 3320 et
389 3255 547 3341 undique,
579 3257 666 3342 quod
694 3258 846 3323 idoneum
875 3257 917 3322 ad
945 3258 1089 3322 munien-

191 3360 265 3423 dum
287 3366 445 3446 putarent,
469 3366 689 3443 congererent.
736 3361 806 3436 Quo
829 3362 947 3426 laetum
970 3367 1028 3443 est,
1054 3365 1089 3423 ut
