2400 3848
177 288 233 345 120
480 286 561 326 xum.
581 286 738 326 HANNIBAL.
758 287 778 326 Ξ.

174 433 369 516 praestitisse
391 439 515 498 ceteros
531 434 742 519 imperatores
757 433 938 521 prudentia,
961 438 1081 518 quanto

174 536 311 621 populus
339 535 504 602 Romanus
533 539 704 603 antecedat
734 538 921 603 fortitudine
952 543 1082 602 cunctas

140 640 328 704 arationes.
373 640 457 705 Nam
494 642 778 727 quotienscumque
817 663 889 706 oum
927 662 966 707 eo
1004 662 1081 705 con·

174 763 302 826 gressus
325 749 374 809 est
400 744 564 827 initalia,
594 765 721 830 semper
751 745 896 809 discessit
924 744 1081 830 superior.

176 845 272 920 Quod
293 847 353 910 nisi
377 847 464 912 domi
480 849 596 913 civium
611 869 741 913 suorum
760 847 881 913 invidia
897 847 1082 913 debilitatus

175 955 276 1032 esset,
308 949 472 1014 Romanos
494 951 621 1016 videtur
643 972 794 1036 superare
817 952 970 1038 potuisse.
1015 951 1083 1016 Sed

141 1073 154 1113 a
175 1054 347 1117 multorum
365 1053 553 1118 obtrectatio
571 1054 689 1119 devicit
710 1056 804 1119 unius
820 1056 981 1120 virtutem.
1016 1053 1081 1118 Hic

176 1163 282 1222 autem
298 1157 387 1222 velut
405 1156 587 1222 hereditate
609 1158 758 1222 relictum
781 1157 891 1222 odium
912 1163 1082 1243 paternum

176 1280 253 1343 erga
273 1259 438 1325 Romanos
460 1259 505 1326 sic
528 1263 743 1344 conservavit,
773 1267 810 1325 ut
831 1262 919 1346 prius
942 1262 1082 1325 animam

176 1385 275 1457 quam¹
300 1363 335 1428 id
370 1364 569 1449 deposuerit3
607 1365 662 1448 qui
695 1363 842 1449 quidem,
875 1385 947 1428 cum
977 1364 1083 1450 patria

174 1468 283 1553 pulsus
305 1472 392 1532 esset
414 1473 447 1532 et
469 1468 645 1531 alienarum
669 1487 766 1552 opum
788 1466 958 1551 indigeret,
987 1487 1081 1530 num·

154 1591 271 1654 quam
294 1570 452 1636 destiterit
473 1570 579 1635 animo
603 1570 723 1636 bellare
748 1590 819 1634 cum
841 1569 1006 1634 Romanis.

142 1696 153 1736 1
239 1674 284 1738 II.
313 1674 397 1739 Nam
419 1679 456 1738 ut
477 1676 623 1739 omittam
637 1675 832 1760 Philippum,
857 1695 952 1759 quem
967 1674 1084 1738 absens

175 1777 302 1841 hostem
316 1777 459 1841 reddidit
473 1777 637 1859 Romanis,
661 1778 802 1842 omnium
824 1778 863 1842 iis
884 1778 1084 1862 temporibus

174 1880 413 1965 potentissimus
450 1902 509 1946 rex
538 1879 716 1944 Antitchus
752 1881 821 1944 fuit.
865 1880 962 1945 Hunc
993 1886 1112 1947 tanta*

176 1984 348 2068 cupiditate
377 1982 519 2048 incendit
548 1985 704 2067 bellandi,
737 1991 774 2049 ut
804 2005 904 2069 usque
936 2006 957 2050 a
983 1985 1082 2050 rubro

141 2107 154 2146 r
176 2088 256 2152 mari
277 2108 365 2152 arma
387 2093 518 2152 conatus
541 2089 582 2151 sit
603 2087 721 2152 inferre
744 2087 867 2152 Italiae.
911 2086 966 2152 Ad
985 2108 1084 2172 quem

176 2211 248 2254 oum
270 2191 369 2274 legati
385 2191 548 2256 venissent
562 2190 712 2273 Romani,
735 2191 790 2276 qui
813 2191 852 2255 de
877 2191 945 2256 eius
966 2193 1082 2256 volun·

175 2298 241 2357 tate
265 2295 472 2378 explorarent
488 2294 663 2379 darentque
688 2315 819 2380 operam
835 2296 973 2361 consiliis
995 2296 1082 2361 clan-

178 2394 317 2475 destinis,
347 2403 382 2459 ut
403 2396 618 2462 Hannibalem
640 2398 674 2462 in
696 2399 911 2483 suspicionem
931 2399 1003 2484 regi
1024 2399 1082 2463 ad·

177 2498 331 2563 ducerent
352 2505 515 2585 tamquam
537 2501 576 2564 ab
600 2501 677 2585 ipsis
695 2507 880 2587 corruptum
900 2502 964 2567 alia
984 2507 1083 2588 atquo

177 2608 272 2666 antea
300 2604 434 2686 sentire,
465 2625 568 2689 neque
599 2605 634 2668 id
661 2605 778 2669 frustra
805 2605 956 2670 fecissent
982 2603 1082 2690 idque

175 2705 335 2771 Hannibal
359 2709 567 2792 comperisset
594 2729 692 2793 seque
715 2708 754 2772 ab
776 2706 981 2772 interioribus
1003 2727 1082 2773 con·

142 2811 253 2874 asiliis
282 2813 444 2894 segregari
473 2811 623 2895 vidisset,
651 2818 797 2896 tempore
827 2810 902 2874 dato
932 2807 1011 2874 adiit
1039 2811 1082 2876 ad

175 2933 286 2996 regem
310 2914 402 2998 eique
432 2936 505 2980 cum
526 2916 627 2980 multa
657 2916 697 2981 de
725 2915 789 2979 fide
812 2937 869 2979 sua
892 2920 925 2979 ct
949 2913 1024 2979 odio
1047 2916 1082 2981 in

175 3016 339 3082 Romanos
371 3026 668 3102 commemorasset,
697 3020 759 3083 hoc
788 3017 947 3083 adiunxit:
977 3023 1082 3104 ,pater

175 3117 276 3183 meus‘
299 3121 401 3205 inquit
423 3121 609 3206 ,Hamilcar,
632 3123 767 3208 puerulo
792 3143 855 3203 me,
878 3126 991 3207 utpote
1013 3142 1081 3189 non

176 3223 310 3307 amplius
331 3243 450 3288 novem
472 3245 570 3289 annos
592 3230 679 3307 nato,
710 3224 744 3288 in
765 3224 955 3309 Hispaniam
976 3225 1080 3311 impe-

175 3332 263 3389 rator
283 3325 486 3409 proficiscens
503 3327 697 3410 Carthagine
712 3327 784 3391 lovi
800 3328 921 3412 optimo
936 3329 1078 3393 maximo

141 3428 295 3492 rhostias
325 3429 510 3495 immolavit.
557 3430 645 3504 Quae
677 3431 784 3495 divina
811 3451 865 3495 res
895 3429 971 3495 dum
1002 3451 1079 3497 oon·
