2400 3848
189 235 227 293 92
494 235 563 276 xvn.
582 234 748 275 nensmuuu
768 234 787 274 6.

155 384 396 470 cappellatum.
441 385 505 448 Hic
537 406 609 448 cum
638 405 703 447 una
732 403 841 468 pugna
870 382 981 446 decem
1010 380 1100 444 milia

190 488 330 552 hostium
358 488 511 572 Agesilao
546 489 625 553 duce
658 488 847 552 cecidissent
878 507 981 572 eoque
1011 486 1097 548 facto

191 612 269 677 opes
285 592 540 656 adversariorum
556 592 738 656 debilitatae
754 591 951 672 viderentur,
973 595 1099 653 tantum

191 695 268 757 afuit
300 695 338 758 ab
368 695 540 760 insolentia
567 696 707 780 gloriae,
735 701 772 757 ut
795 695 1035 758 commiseratus
1058 692 1100 756 sit

190 798 350 861 fortunam
375 798 546 881 Graeciae,
561 848 564 855 .
579 798 665 884 quod
693 804 757 861 tam
788 798 880 861 multi
910 818 930 860 a
957 817 991 861 se
1021 795 1100 859 victi

189 901 267 963 vitio
306 901 563 987 adversariorum
604 900 832 966 concidissent:
870 919 1007 984 namque
1044 897 1101 960 illa

191 1005 405 1088 multitudine,
428 1006 555 1069 sisara
575 1026 666 1069 mens
689 1010 784 1086 esset,
809 1003 963 1068 Graeciae
979 1001 1100 1086 suppli-

156 1109 276 1172 ecium
297 1109 413 1172 Persas
443 1109 518 1173 dare
542 1110 695 1193 potuisse.
740 1108 849 1190 Idem,
883 1129 954 1172 cum
986 1106 1100 1170 adrer-

192 1213 292 1276 sarios
314 1212 399 1275 intra
420 1212 548 1276 moenis
566 1212 773 1295 compulisset
795 1217 838 1292 et,
860 1217 896 1273 ut
911 1209 1102 1275 Corinthum

194 1322 410 1402 oppugnaret,
439 1316 532 1380 multi
553 1316 773 1398 hortarentur,
803 1315 934 1398 negavit
961 1313 995 1376 id
1024 1333 1102 1376 suae

192 1422 302 1484 virtuti
334 1421 523 1484 convenire:
558 1441 593 1483 se
628 1420 713 1483 enim
746 1440 820 1482 eum
852 1439 940 1499 esse,
975 1417 1029 1501 qui
1060 1415 1102 1478 ad

194 1525 333 1588 officium
354 1530 525 1608 peccantes
547 1523 653 1588 redire
677 1528 820 1606 cogeret,
842 1543 908 1585 non
931 1521 984 1605 qui
1006 1520 1104 1582 urbes

159 1628 406 1692 snobilissimas
430 1632 631 1711 expugnaret
655 1625 820 1689 Graeciae.
865 1625 958 1706 ,Nam
987 1620 1024 1687 si‘
1053 1622 1103 1685 in·

194 1733 262 1817 quit
291 1752 358 1814 ,eos
381 1731 587 1814 exstinguere
610 1730 822 1810 voluerimus,
853 1729 907 1812 qui
935 1726 1104 1791 nobiscum

195 1834 346 1898 adversus
382 1834 535 1897 barbaros
575 1838 748 1914 steterunt,
784 1836 911 1895 nosmet
946 1830 1006 1915 ipsi
1042 1849 1104 1893 nos

195 1939 484 2023 expugnaverimus
517 1937 579 2001 illis
611 1937 856 2022 quiescentibus.
910 1935 979 2008 Quo
1016 1935 1102 1998 facto

195 2042 263 2106 sine
285 2042 429 2125 negotio,
452 2061 525 2104 cum
548 2041 718 2122 voluerint,
741 2060 800 2103 nos
824 2036 1027 2124 oppriment‘

160 2171 172 2208 r
258 2144 316 2208 VI.
346 2144 480 2208 Interim
492 2143 608 2207 accidit
622 2144 678 2207 illa
688 2144 850 2207 calamitas
862 2141 947 2226 apud
962 2141 1104 2206 Leuctra

193 2247 467 2313 Lacedaemoniis.
515 2248 602 2330 Quo,
635 2269 706 2311 cum
736 2247 937 2332 aplerisque
970 2246 1011 2310 ad
1044 2267 1102 2310 ex-

195 2350 336 2415 eundum
365 2357 582 2434 premeretur,
613 2357 649 2414 ut
680 2353 706 2415 si
739 2351 779 2414 de
812 2352 901 2414 exitu
935 2350 1103 2432 divinaret,

195 2454 283 2516 exire
313 2452 424 2517 noluit.
469 2452 664 2518 Idem'cum
686 2454 925 2538 Epaminondas
956 2454 1105 2538 Spartam

196 2561 397 2640 oppugnaret
420 2563 567 2641 essetque
591 2559 659 2622 sine
682 2560 780 2622 muris
805 2558 974 2643 oppidum,
1005 2558 1104 2622 talem

195 2681 229 2722 se
251 2659 479 2743 imperatorem
501 2661 665 2743 praebuit,
694 2666 731 2723 ut
760 2682 798 2725 eo
829 2668 975 2746 ternpore
1001 2663 1103 2726 omni·

193 2763 253 2826 bus
282 2764 480 2846 apparuerit,
510 2765 571 2826 nisi
603 2764 657 2827 ille
689 2765 817 2847 fuisset,
849 2758 995 2848 Spartam
1018 2766 1103 2829 futu-

162 2887 263 2931 rram
285 2887 351 2929 non
373 2867 479 2931 fuisse.
517 2867 556 2930 In
579 2888 642 2951 quo
667 2869 796 2952 quidem
813 2868 993 2932 discrimine
1018 2869 1103 2933 cele·

194 2970 271 3033 ritas
308 2972 376 3034 eius
415 2972 536 3034 consilii
574 2966 669 3034 saluti
706 2972 765 3034 fuit
801 2973 967 3036 universis.
1019 2973 1103 3037 Nam

196 3093 268 3137 curn
291 3075 420 3159 quidam
443 3075 676 3139 adulescentuli
703 3077 843 3138 hostium
866 3075 1007 3139 adventu
1028 3097 1103 3160 per-

195 3177 297 3239 territi
321 3177 361 3240 ad
384 3177 555 3242 Thebanos
578 3179 778 3262 transfugere
798 3178 919 3241 vellent
942 3185 975 3241 et
997 3179 1104 3243 locum

196 3284 289 3341 extra
319 3280 431 3343 urbem
467 3278 589 3343 editum
620 3282 798 3364 cepissent,
828 3278 1017 3363 Agesilaus,
1050 3284 1104 3365 qui

196 3382 500 3464 perniciosissimum
528 3383 597 3446 fore
620 3384 761 3464 videret,
793 3384 819 3445 si
848 3383 1104 3448 animadversum
