2400 3848
167 198 203 254 68
488 193 544 234 xlv.
564 194 707 234 DATAMES.
727 195 745 234 6.

131 365 261 428 asupra
299 344 442 410 Ciliciam
479 346 609 409 confinis
646 344 879 430 Cappadociae.
923 343 1077 428 Namque

165 446 262 533 Aspis
292 449 464 512 saltuosam
492 450 660 532 regionem
690 448 889 532 castellisque
917 447 1076 510 munitam

166 552 307 616 incolens
336 573 401 616 non
430 553 533 615 solum
556 553 690 636 imperio
720 554 806 635 regis
831 573 897 615 non
927 550 1077 635 parebat,

166 653 224 718 sed
253 655 350 718 etiam
378 655 526 719 finitimas
558 656 706 738 regiones
738 656 876 720 vexabat
907 660 956 737 et,
988 673 1075 739 quae

130 784 143 823 a
165 758 236 841 regi
248 763 462 842 portarentur,
486 758 672 842 abripiebat.
710 758 875 842 Datames,
898 758 959 822 etsi
973 758 1075 842 longe

166 860 275 924 aberat
291 860 330 924 ab
345 860 395 924 his
409 861 593 944 regionibus
617 867 649 926 et
671 883 690 925 a
705 862 825 926 maiore
848 883 883 926 re
906 860 1076 925 abstrahe·

166 963 275 1045 batur,
306 969 414 1028 tamen
441 965 527 1047 regis
555 965 712 1029 voluntati
741 985 865 1029 morem
894 963 1077 1048 gerendum

168 1067 298 1150 putavit.
343 1067 457 1151 Itaque
487 1088 559 1130 cum
589 1069 714 1152 paucis,
746 1068 805 1132 sed
835 1069 911 1133 viris
939 1067 1077 1132 fortibus

168 1190 282 1234 navem
306 1171 491 1236 conscendit
514 1172 715 1254 existimans,
739 1171 825 1257 quod
848 1171 973 1251 accidit,
995 1171 1076 1236 faci·

169 1274 228 1337 lius
259 1295 293 1338 se
325 1275 561 1359 imprudentem
591 1296 691 1360 parva
722 1296 818 1339 manu
847 1295 1076 1360 oppressurum

16 1398 18 1413 ¹
132 1399 263 1462 cquam
296 1385 441 1463 paratum
474 1379 616 1463 quamvis
647 1399 764 1462 magno
804 1379 957 1443 exercitu.
1001 1377 1077 1442 Hac

170 1480 293 1545 delatus
316 1484 349 1545 in
366 1482 519 1564 Ciliciam,
544 1503 691 1565 egressus
713 1481 787 1546 inde
812 1481 880 1546 dies
898 1485 1077 1566 noctesque

169 1584 229 1647 iter
251 1584 369 1648 faciens
384 1586 524 1648 Taurum
540 1586 664 1649 transiit
678 1607 793 1670 eoque,
817 1606 879 1671 quo
896 1584 1076 1668 studuerat,

168 1689 264 1753 venit.
310 1688 452 1772 Quaerit,
475 1689 588 1774 quibus
610 1689 689 1753 locis
712 1690 752 1752 sit
771 1688 884 1773 Aspis:
909 1688 1077 1771 cognoscit

169 1792 254 1855 haud
282 1794 378 1878 longe
408 1795 519 1859 abesse
541 1794 784 1879 profectumque
815 1813 888 1857 eum
910 1796 1075 1857 venatum.

170 1893 258 1967 Quae
291 1896 366 1960 dum
395 1898 591 1982 speculatur,
623 1896 778 1961 adrentus
809 1896 876 1959 eius
900 1915 996 1959 causa
1018 1915 1075 1960 co-

169 2000 340 2081 gnoscitur.
376 2000 503 2065 Pisidas
524 2022 596 2066 cum
619 2001 674 2082 eis,
698 2020 778 2084 quos
801 2020 909 2063 secum
923 1998 1075 2084 habebat,

134 2137 147 2174 ⁵
169 2100 211 2163 ad
232 2103 445 2168 resistendum
460 2104 557 2189 Aspis
582 2108 753 2188 comparat.
787 2102 827 2166 Id
842 2102 996 2167 Datames
1017 2102 1076 2168 ubi

56 2206 58 2211 ’
169 2205 299 2290 audivit,
322 2228 410 2271 arma
432 2209 537 2291 sumit,
560 2230 634 2273 suos
657 2208 747 2293 sequi
769 2206 872 2271 iubet:
895 2207 964 2290 ipse
988 2227 1074 2292 equo

169 2310 327 2373 concitato
352 2310 393 2374 ad
415 2310 542 2375 hostem
556 2311 692 2375 vehitur.
729 2310 833 2384 Quem
848 2309 961 2394 procul
975 2303 1075 2395 Aspis

170 2415 367 2499 conspiciens
397 2414 438 2479 ad
467 2437 501 2479 se
530 2415 686 2479 ferentem
709 2414 907 2499 pertimescit
936 2418 1031 2497 atque
1055 2434 1076 2477 a

170 2522 286 2580 conatu
314 2517 484 2581 resistendi
507 2517 676 2582 deterritus
705 2538 775 2582 sese
800 2516 931 2582 dedidit.
976 2516 1075 2582 Hunc

168 2617 320 2683 Datames
356 2622 496 2685 vinctum
533 2621 575 2685 ad
610 2641 721 2704 regem
758 2620 938 2685 ducendum
976 2621 1077 2686 tradit

169 2722 354 2788 Mithridati.

135 2858 146 2896 1
232 2824 274 2890 V.
302 2826 394 2890 Haec
417 2826 492 2891 dum
514 2833 683 2912 geruntur,
715 2826 915 2891 Artaxerxes
943 2825 1074 2892 remini-

169 2951 276 3013 scens,
314 2951 333 2992 a
365 2936 482 3014 quanto
516 2931 601 2995 bello
637 2932 678 2995 ad
714 2953 808 3016 quam
839 2951 970 3016 parvam
1002 2951 1075 2996 rem

169 3034 345 3119 principem
361 3021 491 3097 'ducum
519 3036 673 3117 misisset,
704 3057 738 3100 se
766 3037 834 3120 ipse
865 3034 1076 3120 reprehendit

171 3141 204 3199 et
225 3137 369 3199 nuntium
392 3136 434 3199 ad
457 3137 632 3201 exercitum
651 3137 743 3203 Acen
765 3139 860 3221 misit,
883 3138 969 3223 quod
991 3159 1074 3204 non·

172 3237 247 3300 dum
277 3238 437 3302 Datamen
467 3238 646 3323 profectum
678 3241 824 3325 putabat,
857 3241 911 3326 qui
943 3239 1075 3326 diceret,

170 3362 211 3405 ne
234 3342 274 3404 ab
298 3342 441 3405 exercitu
465 3340 653 3406 discederet.
698 3343 771 3426 Hic,
795 3344 979 3428 priusquam
999 3364 1074 3428 per-
