2400 3848
164 235 202 290 34
472 229 522 271 vn.
541 229 720 270 nncmmnss.
739 231 758 270 s.

164 381 345 463 absentem,
377 379 463 464 quod
486 400 576 443 sacra
596 379 763 462 violasset,
792 399 883 442 reum
912 377 1069 441 fecerunt.

93 478 95 483 ’
164 482 235 556 Qua
258 482 298 547 de
326 502 362 546 re
385 503 457 546 cum
481 482 511 546 ei
532 483 660 546 nuntius
684 503 704 545 a
724 482 912 565 magistratu
933 481 967 543 in
989 479 1068 543 Sici-

162 585 239 650 liam
261 586 374 650 missus
398 591 498 668 esset,
527 591 563 649 ut
586 584 717 648 domum
746 585 788 648 ad
811 605 936 648 causam
959 583 1069 647 dicen·
1093 609 1104 648 ς

164 686 238 751 dam
258 687 396 770 rediret,
426 694 573 774 essetque
602 690 634 752 in
662 709 779 772 magna
806 709 862 772 spe
884 686 1069 772 provinciae

162 790 245 856 bene
262 792 540 876 administrandae,
563 813 630 857 non
644 813 757 878 parere
778 792 882 857 noluit
903 791 991 855 etin
1012 790 1069 852 tri-

164 916 301 979 remem,
325 917 406 981 quae
435 894 477 959 ad
506 916 580 960 eum
610 902 678 960 erat
702 894 935 980 deportandum
962 893 1069 974 missa,

128 1025 142 1062 4
164 997 315 1063 ascendit.
344 997 417 1062 Hac
431 998 568 1063 Thurios
583 1000 617 1062 in
631 998 758 1063 Italiam
773 1003 952 1084 pervectus,
968 996 1070 1073 multa

164 1123 272 1165 secum
299 1108 450 1186 reputans
483 1102 523 1166 de
552 1103 765 1167 immoderata
793 1103 909 1169 civium
938 1121 1070 1165 suorum

163 1204 291 1269 licentia
313 1205 566 1292 crudelitateque
597 1227 674 1290 erga
695 1207 836 1290 nobiles,
866 1205 1069 1270 utilissimum

162 1312 249 1372 ratus
271 1307 511 1392 impendentem
540 1309 660 1374 evitare
682 1314 907 1394 tempestatem
930 1309 1011 1372 clam
1034 1328 1069 1371 se

157 1409 203 1472 ab
227 1410 411 1474 custodibus
433 1411 585 1476 subduxit
614 1418 647 1476 et
672 1412 747 1477 inde
770 1413 907 1497 primum
929 1410 1079 1493 Elidem,

128 1509 240 1575 sdein
262 1511 388 1577 Thebas
410 1515 508 1577 venit.
553 1514 728 1600 Postquam
757 1520 864 1578 autem
893 1535 927 1579 se
958 1513 1070 1598 capitis

166 1613 350 1679 damnatum
381 1616 474 1679 bonis
501 1616 669 1700 publicatis
692 1616 813 1680 audivit
842 1622 890 1697 et,
919 1616 954 1680 id
982 1615 1070 1701 quod

165 1720 352 1785 inusitatum
364 1726 441 1804 erat,
451 1719 661 1805 Eumolpidas
684 1720 867 1784 sacerdotes
899 1740 918 1782 a
947 1718 1087 1804 populo·

163 1828 308 1906 coactos,
341 1828 376 1887 ut
403 1845 437 1888 se
471 1823 683 1907 devoverent,
716 1824 847 1908 eiusque
878 1821 1068 1903 devotionis,

165 1946 227 2010 quo
256 1928 401 1991 testatior
428 1933 513 1992 esset
535 1927 706 2010 memoria,
737 1927 921 2011 exemplum
948 1927 981 1988 in
1003 1924 1070 2010 pila

163 2029 292 2113 lapidea
313 2030 448 2108 incisum
477 2052 547 2095 esse
569 2031 710 2116 positum
738 2029 770 2093 in
793 2030 937 2114 publico,
966 2029 1068 2093 Lace-

127 2131 355 2199 cdaemdnem
387 2133 586 2217 demigravit.
631 2133 699 2216 Ibi,
726 2138 762 2196 ut
791 2133 859 2218 ipse
882 2131 1068 2218 praedicare

165 2242 348 2320 consuerat,
380 2257 446 2301 non
473 2237 625 2303 adversus
653 2237 804 2321 patriam,
833 2235 893 2301 sed
922 2235 1069 2299 inimicos

164 2360 238 2403 suos
269 2339 391 2403 bellum
421 2340 536 2422 gessit,
569 2339 654 2425 quod
687 2338 793 2404 eidem
823 2339 931 2403 hostes
962 2343 1069 2402 essent

163 2442 300 2506 civitati:
315 2462 391 2505 narn
406 2462 479 2506 cum
492 2443 718 2525 intellegerent
732 2463 766 2507 se
781 2441 954 2526 plurimum
969 2438 1067 2525 prod-

164 2565 233 2610 esse
249 2565 345 2630 posse
359 2545 565 2630 reipublicae,
589 2567 631 2609 ex
647 2566 685 2609 ea
706 2544 836 2610 eiecisse
851 2544 984 2628 plusque
1000 2541 1067 2606 irae

128 2667 238 2714 vsuae
273 2667 367 2732 quam
397 2648 526 2711 utilitati
557 2648 718 2712 communi
748 2648 900 2733 paruisse.
953 2645 1067 2730 Itaque

163 2750 254 2814 huius
273 2751 406 2814 consilio
422 2750 672 2817 Lacedaemonii
688 2772 759 2815 cum
773 2751 872 2815 Perse
888 2769 966 2833 rege
988 2747 1067 2810 ami·

163 2855 270 2918 citiam
291 2854 446 2939 fecerunt,
472 2856 546 2921 dein
567 2855 744 2922 Deceleam
765 2855 798 2918 in
813 2853 922 2918 Attica
943 2851 1066 2916 munie-

161 2964 235 3020 runt
267 2958 491 3045 praesidioque
523 2960 566 3024 ibi
595 2965 751 3045 perpetuo
783 2957 889 3042 posito
918 2956 951 3019 in
981 2953 1066 3019 obsi-

118 3076 123 3081 ·
162 3058 259 3124 dione
274 3060 420 3126 Athenas
434 3066 615 3128 tenuerunt.
644 3061 798 3129 Eiusdem
822 3081 921 3147 opera
940 3058 1067 3124 Ioniam
1088 3108 1109 3118 ..

162 3185 183 3226 a
205 3165 357 3230 societate
380 3172 565 3230 averterunt
586 3164 840 3231 Atheniensium.
887 3161 1064 3238 Quosfacto

121 3301 122 3305 =
163 3266 263 3330 multo
284 3267 464 3351 superiores
485 3268 571 3332 bello
596 3289 666 3333 esse
688 3272 873 3350 coeperunt.

128 3392 139 3432 ι
227 3367 267 3431 V.
297 3367 411 3453 Neque
426 3390 502 3434 vero
526 3369 575 3434 his
597 3371 692 3435 rebus
714 3375 780 3434 tam
800 3367 891 3432 amici
905 3365 1067 3431 Alcibiadi
