2400 3848
436 230 517 272 xvrn
536 229 678 271 numum.
698 229 730 269 ro.
982 231 1037 288 103

128 376 214 441 trahi
234 399 300 442 non
323 398 418 463 posse
442 399 537 463 quam
553 377 735 460 Antigonus
758 377 924 443 adfuturus
946 379 1035 443 vide-

128 479 232 545 batur.
276 481 340 545 Hic
372 481 518 545 omnibus
548 481 758 545 titubantibus
794 488 827 546 et
864 483 904 548 de
941 485 1071 549 rebusa

130 584 195 648 suis
225 583 468 669 desperantibus
497 586 659 649 Eumenes
690 585 750 665 ait,
781 586 808 649 si
840 587 1036 652 celeritatem

130 689 230 754 velint
261 688 413 754 adhibere
447 695 480 753 et
507 690 663 773 imperata
691 689 814 773 facere,
847 691 934 775 quod
963 697 1036 756 ante

129 813 196 857 non
218 792 370 875 fecerint,
401 814 436 857 se
464 813 533 856 rem
563 791 799 876 expediturum.
843 794 929 858 Nam
951 795 1037 879 quod

132 894 243 959 diebus
267 897 406 980 quinque
423 895 524 959 bostis
540 896 690 960 transisse
705 903 824 981 posset,
848 919 882 962 se
906 899 1037 963 effectu-

130 1021 211 1081 rum,
234 1005 357 1064 utnon
378 1000 482 1063 minus
505 999 642 1063 totidem
666 999 791 1064 dierum
812 1003 914 1086 spatio
937 1008 1038 1067 retar-

131 1102 277 1167 daretur:
310 1123 407 1187 quare
440 1103 660 1185 circumirent,
692 1123 764 1166 suas
797 1105 929 1189 quisque
963 1128 1038 1170 con-

130 1207 273 1272 traheret
296 1207 413 1291 copias.
450 1206 505 1269 Ad
520 1206 675 1291 Antigoni
691 1216 799 1272 autem
813 1209 1060 1280 refrenanduma

130 1310 286 1396 impetum
325 1311 389 1375 tale
432 1312 517 1395 capit
554 1311 731 1376 consilium.
791 1311 905 1377 Certos
943 1315 1039 1377 mittit
1080 1301 1083 1306 ¹

130 1414 276 1479 homines
296 1414 337 1478 ad
358 1414 482 1477 infimos
499 1420 634 1496 montes,
658 1415 710 1498 qui
729 1415 813 1478 obvii
830 1422 919 1479 erant
934 1417 1040 1481 itineri

131 1517 403 1600 adversariorum,
425 1517 528 1601 iisque
551 1518 721 1603 praecipit,
751 1523 788 1582 ut
808 1519 912 1603 prima
933 1527 1039 1603 nocte,

131 1642 226 1706 quam
248 1620 401 1684 latissime
416 1621 549 1704 possint,
572 1621 664 1704 ignes
679 1622 796 1685 faciant
819 1644 914 1707 quam
936 1627 1039 1688 maxi·

131 1746 201 1789 mos
229 1730 324 1809 atque
354 1724 414 1787 hos
443 1722 586 1787 secunda
613 1724 723 1807 vigilia
754 1725 913 1808 minuant,
946 1729 1041 1792 tertia

131 1829 327 1915 perexiguos
364 1826 520 1909 reddant,
564 1832 600 1891 ut
644 1829 827 1893 assimulata
864 1836 1073 1894 castrorumr

131 1930 362 1997 consuetudine
400 1931 614 2016 suspicionem
650 1931 780 1994 iniciant
819 1931 964 1996 hostibus
1001 1934 1038 1996 iis

131 2035 210 2101 locis
248 2055 318 2100 esse
357 2039 460 2098 castra
492 2054 529 2097 ac
566 2033 606 2096 de
642 2053 754 2097 eorum
790 2035 931 2099 adventu
968 2058 1037 2101 esse

131 2139 406 2223 praenuntiatum
443 2137 593 2221 idemque
624 2142 754 2221 postera
784 2145 880 2202 nocte
911 2138 1037 2203 faciant.

133 2242 254 2316 Quibus
285 2243 476 2326 imperatum
509 2244 594 2320 erat,
630 2239 800 2323 diligenter
831 2247 1073 2326 praeceptnmr

132 2351 253 2410 curant.
297 2344 480 2428 Antigonus
512 2343 653 2407 tenebris
684 2343 805 2407 obortis
838 2345 929 2427 ignes
962 2365 1038 2408 con-

131 2449 287 2535 spicatur:
312 2449 414 2512 credit
438 2449 477 2512 de
502 2469 559 2511 suo
583 2447 724 2512 adventu
746 2469 816 2511 esse
840 2449 984 2512 auditum
1007 2455 1040 2512 et

132 2552 332 2616 adversarios
354 2551 429 2615 illue
451 2572 523 2614 suas
547 2550 743 2614 contraxisse
774 2551 891 2635 copias.
935 2553 1038 2616 Mutat
1060 2585 1072 2622 a

132 2655 299 2721 consilium
327 2659 376 2736 et,
409 2655 558 2738 quoniam
580 2654 798 2737 imprudentes
827 2655 946 2719 adoriri
973 2678 1038 2720 non

130 2763 257 2843 posset,
285 2757 383 2821 flectit
405 2758 465 2821 iter
488 2778 580 2820 suum
604 2762 636 2820 et
658 2757 748 2820 illum
770 2757 946 2822 anfractum
967 2759 1037 2822 lon-

131 2860 257 2945 giorem
286 2861 435 2943 copiosae
463 2859 534 2923 viae
568 2860 652 2944 capit
683 2860 790 2943 ibique
824 2859 909 2924 diem
940 2882 1038 2923 unum

133 2963 297 3049 opperitur
327 2963 367 3026 ad
397 2963 616 3026 lassitudinem
639 2962 814 3026 sedandam
836 2963 972 3025 militum
1001 2985 1038 3027 ao

131 3065 305 3131 reficienda
326 3065 484 3147 iumenta,
516 3086 578 3149 quo
609 3066 783 3148 integriore
807 3067 951 3129 exercitu
981 3065 1037 3130 de·

132 3174 289 3234 cerneret.

76 3256 80 3263 ¹
196 3270 240 3336 X.
270 3271 322 3336 Sic
344 3272 505 3336 Eumenes
538 3271 688 3334 callidum
711 3271 936 3356 imperatorem
962 3271 1037 3336 vicit
1058 3299 1070 3338 1

132 3374 265 3439 consilio
305 3376 565 3458 celeritatemque
601 3374 767 3459 impedivit
804 3377 888 3440 eius:
931 3396 1036 3460 neque
