2400 3848
173 243 210 299 70
497 238 555 278 m.
576 238 719 278 DATAMES.
738 239 756 278 6.

172 387 387 451 Proficiscitur
416 408 455 451 eo
483 393 575 471 pater
597 408 662 451 non
685 388 730 451 ita
752 409 824 451 cum
846 409 963 473 magna
982 409 1086 455 manu

173 490 288 574 celans,
313 496 466 575 quantum
480 491 593 555 vulnus
609 492 795 576 accepisset,
819 492 907 576 quod
927 492 1016 577 prius
1039 493 1085 558 ad

172 595 299 659 hostem
331 595 500 680 pervenire
535 594 683 678 cupiebat
720 615 814 679 quam
852 594 893 659 do
924 597 1008 660 male
1045 618 1084 663 re

172 706 264 782 gesta
291 701 376 763 fama
405 699 445 763 ad
468 719 542 762 suos
564 698 763 782 perveniret,
793 720 833 762 ne
864 699 993 783 cognita
1019 696 1084 764 'filii

137 809 275 868 cmorte
307 803 403 867 animi
432 802 674 866 debilitarentur
704 802 850 867 militum.
896 802 967 877 Quo
999 824 1082 869 con-

171 906 334 989 tenderat,
365 907 512 991 pervenit
540 907 641 991 iisque
671 906 750 970 locis
780 913 883 970 castra
904 908 1011 992 ponit,
1043 914 1082 973 ut

171 1032 274 1096 neque
298 1011 455 1075 circumiri
469 1009 672 1074 multitudine
689 1010 945 1074 adversariorum
965 1019 1083 1096 posset

170 1135 274 1199 neque
297 1114 460 1200 impediri,
492 1134 554 1198 quo
578 1114 683 1177 minus
704 1114 771 1197 ipse
796 1113 837 1176 ad
861 1113 1081 1182 dimicandum

135 1234 148 1273 ³
170 1240 298 1282 manum
313 1218 447 1282 haberet
463 1216 657 1301 expeditam.
694 1215 773 1280 Erat
789 1237 861 1280 cum
885 1237 923 1281 eo
939 1217 1079 1283 Mithro-

169 1322 335 1406 barzanes,
374 1343 465 1386 socer
503 1323 586 1403 eius,
622 1321 802 1405 praefectus
840 1322 991 1406 equitum.
1044 1323 1080 1389 Is

171 1427 344 1512 desperatis
367 1425 480 1510 generi
502 1425 597 1488 rebus
620 1422 661 1486 ad
684 1425 793 1487 hostes
811 1425 989 1509 transfugit.
1035 1426 1079 1492 Id

167 1531 322 1594 Datames
344 1534 381 1592 ut
403 1527 540 1610 audivit,
564 1529 680 1610 sensit,
704 1529 785 1591 siin
808 1529 932 1592 turbam
955 1531 1080 1598 exisset

170 1636 208 1698 ab
231 1636 361 1699 homine
384 1639 450 1696 tam
473 1632 652 1696 necessario
677 1653 711 1695 se
733 1631 899 1714 relictum,
922 1632 1102 1720 futurum,

132 1759 147 1796 4
169 1745 204 1802 ut
227 1739 326 1802 ceteri
347 1738 513 1801 consilium
529 1740 748 1820 sequerentur.
792 1735 831 1798 In
853 1736 967 1818 vulgus
991 1735 1077 1803 edit:

169 1863 226 1905 suc
250 1843 337 1906 iussu
351 1840 640 1905 Mithrobarzanem
659 1838 838 1923 profectum
854 1860 912 1923 pro
928 1840 1077 1926 perfuga,

169 1967 230 2031 quo
263 1946 384 2009 facilius
415 1949 563 2028 receptus
593 1943 788 2007 interficeret
817 1943 943 2025 hostes;
975 1965 1077 2030 quare

167 2050 303 2134 relinqui
333 2070 405 2112 eum
435 2068 492 2132 par
520 2068 586 2110 non
619 2068 689 2111 esse
713 2052 746 2110 et
770 2067 881 2111 omnes
904 2047 1077 2114 confestim

168 2156 267 2240 sequi.
313 2152 408 2227 Quod
429 2152 456 2214 si
471 2151 577 2214 animo
594 2155 723 2214 strenuo
740 2150 898 2232 fecissent,
922 2149 1077 2237 futurum,

167 2265 202 2322 ut
226 2255 397 2321 adversarii
419 2274 484 2317 non
504 2258 635 2338 possent
656 2252 816 2335 resistere,
841 2274 913 2317 cum
936 2260 968 2319 et
989 2255 1078 2323 intra

131 2362 286 2425 svallum
323 2364 355 2422 et
391 2357 467 2420 foris
506 2355 725 2419 caederentur.
769 2354 841 2418 Hac
870 2377 906 2420 re
937 2357 1079 2442 probata

165 2463 343 2527 exercitum
375 2462 499 2544 educit,
529 2461 820 2526 Mithrobarzanem
851 2463 1076 2549 persequitur:

165 2565 219 2648 qui
248 2585 320 2627 curn
351 2562 392 2626 ad
421 2564 530 2628 hostes
560 2572 769 2648 pervenerat,
799 2563 953 2630 Datames
981 2565 1078 2649 signa

128 2689 143 2728 o
165 2666 275 2730 inferri
297 2669 398 2732 iubet.
443 2668 573 2731 Pisidae
596 2689 681 2731 nova
703 2689 738 2731 re
762 2670 915 2732 commoti
944 2668 979 2731 in
1003 2668 1077 2752 opi·

165 2769 294 2835 nionem
333 2771 537 2835 adducuntur
572 2770 724 2855 perfugas
762 2772 846 2834 mala
882 2770 946 2834 fide
984 2791 1077 2835 oom-

166 2872 335 2956 positoque
358 2869 488 2951 fecisse,
518 2875 553 2932 ut
574 2873 696 2955 recepti
719 2872 833 2936 maiori
857 2879 964 2938 essent
987 2876 1100 2940 cala-·

166 2975 277 3050 mit-ati.
322 2974 466 3037 Primum
488 2993 544 3036 eos
560 2973 756 3051 adoriuntur.
801 2976 864 3059 Illi,
888 2997 970 3059 cum,
994 2979 1075 3062 quid

165 3084 314 3162 ageretur
337 3082 391 3140 aut
414 3098 510 3161 quare
527 3077 628 3160 fieret,
651 3080 846 3162 ignorarent,
871 3082 974 3145 coacti
996 3089 1075 3146 sunt

166 3205 237 3246 oum
260 3183 306 3246 eis
328 3202 482 3266 pugnare,
507 3180 546 3244 ad
571 3202 650 3265 quos
673 3184 881 3264 transierant,
905 3184 945 3246 ab
967 3184 1073 3269 iisque

164 3292 263 3367 stare,
294 3305 373 3369 quos
396 3284 608 3367 reliquerant:
639 3285 847 3368 quibuscum
868 3288 974 3352 neutri
996 3308 1071 3372 par-

128 3393 288 3465 rcerent,
319 3387 465 3451 celeriter
493 3393 565 3450 sunt
588 3389 715 3452 concisi.
760 3389 914 3475 Reliquos
942 3390 1072 3458 Pisidas
