2400 3848
171 245 188 295 4
511 241 529 279 1.
548 241 715 281 mmrmnns.
739 242 758 280 a

129 406 292 451 emanere
317 385 467 452 decrevit.
512 388 589 452 Erat
612 389 697 454 enim
723 389 885 452 intereos
910 386 1065 470 dignitate

162 489 267 573 regia,
297 491 439 574 quamvis
463 493 591 557 carebat
612 493 758 574 nomine,
780 513 885 576 neque
907 491 943 553 id
964 490 1065 572 magis
1139 573 1141 577 y

162 595 296 678 imperio
320 615 415 679 quam
436 596 557 660 iustitia
572 602 770 661 consecutus.
814 595 928 679 Neque
952 615 990 656 eo
1015 613 1065 656 se·

163 698 224 761 tius
239 698 499 783 Atheniensibus,
519 701 667 785 aquibus
683 705 752 764 erat
766 698 938 784 proiectus,
964 695 1066 760 officia

162 802 354 886 praestabat.
400 803 521 878 Quibus
542 804 638 869 rebus
665 782 779 886 fiebat,
808 807 844 866 ut
874 823 941 866 non
962 801 1066 863 minus
1131 844 1133 848 -

165 925 275 969 eorum
309 907 474 971 voluntate
506 915 662 993 perpetuo
695 907 864 992 imperium
897 905 1065 985 obtineret,

78 1009 83 1020 ⁸
164 1008 217 1091 qui
232 1007 394 1091 miserant,
417 1031 512 1094 quarn
528 1012 666 1094 illorum,
690 1032 763 1075 cum
777 1011 890 1096 quibus
906 1014 974 1074 erat
991 1026 1065 1091 pro·

129 1144 141 1180 1
163 1111 274 1176 fectus.
314 1112 513 1179 Chersoneso
536 1115 592 1177 tali
607 1114 704 1179 modo
722 1115 894 1179 constituta
907 1111 1066 1176 Lemnum

163 1217 334 1279 revertitur
363 1222 396 1280 et
426 1238 468 1281 ex
496 1223 591 1302 pacto
614 1217 772 1302 postulat,
801 1221 837 1280 ut
866 1216 926 1279 sibi
953 1214 1066 1277 urbem

164 1316 300 1382 tradant.
345 1319 398 1382 Illi
426 1321 511 1384 enim
541 1319 704 1402 dixerant,
737 1341 808 1384 cum
839 1324 937 1384 vento
968 1317 1067 1381 borea

166 1419 261 1484 domo
284 1423 445 1506 profectus
474 1444 513 1487 eo
544 1424 759 1508 pervenisset,
792 1444 861 1487 sese
885 1407 1065 1486 dedituros:

130 1544 197 1592 sse
221 1528 327 1588 autem
352 1524 483 1589 domum
500 1525 692 1592 Chersonesi
713 1527 843 1590 habere.
881 1524 990 1605 Cares,
1013 1522 1065 1607 qui

164 1632 232 1690 tum
254 1627 411 1692 Lemnum
434 1629 625 1713 incolebant,
650 1631 709 1694 etsi
731 1634 860 1714 praeter
882 1628 1066 1713 opinionem

164 1751 215 1795 res
249 1731 423 1815 ceciderat,
458 1738 567 1798 tamen
598 1754 664 1798 non
698 1734 800 1817 dicte,
835 1733 893 1798 sed
927 1728 1067 1796 secunda

164 1836 291 1898 fortuna
321 1835 575 1911 adversariorum
607 1838 691 1922 capti
721 1837 870 1902 resistere
902 1835 969 1899 ausi
1001 1853 1066 1896 non

165 1943 237 2001 sunt
259 1944 354 2024 atque
377 1961 419 2004 ex
440 1939 543 2004 insula
559 1940 786 2024 demigrarunt.
824 1939 899 2004 Pari
914 1936 1065 2002 felicitate

165 2048 287 2107 ceteras
314 2044 448 2128 insulas,
479 2066 558 2129 quae
582 2045 739 2131 Cyclades
761 2045 978 2125 nominantur,
1009 2039 1067 2103 sub

164 2146 409 2212 Atheniensium
430 2148 557 2233 redegit
578 2155 782 2234 potestatem.

130 2287 141 2324 1
227 2251 289 2314 ΙΙΙ.
311 2251 443 2316 Eisdem
465 2252 663 2336 temporibus
678 2253 849 2317 Persarum
870 2271 930 2314 rex
949 2249 1117 2312 Darius-0-

165 2373 206 2416 ex
234 2352 313 2416 Asia
341 2355 375 2417 in
404 2354 568 2438 Europam
597 2356 741 2419 exercitu
771 2355 905 2417 traiecto
942 2351 1067 2436 Scythis

163 2455 283 2519 bellum
305 2456 422 2520 inferre
447 2456 596 2522 decrevit.
642 2457 780 2522 Pontem
802 2457 877 2522 fecit
898 2456 932 2520 in
954 2455 1065 2518 Histro

163 2561 303 2643 flumine,
326 2581 388 2645 quo
404 2562 511 2646 copias
526 2560 717 2626 traduceret.
756 2561 833 2625 Eius
851 2559 967 2645 pontis,
983 2557 1066 2620 dum

163 2663 230 2746 ipse
263 2664 404 2746 abesset,
438 2657 587 2728 custodes
618 2665 747 2750 reliquit
775 2659 963 2750 principes,
987 2682 1066 2747 quos
1080 2711 1091 2724 .,

97 2849 100 2855 Ι
164 2760 272 2829 secum
295 2787 336 2830 ex
357 2767 450 2829 Ionia
471 2773 504 2831 et
526 2766 668 2833 Aeolide
690 2769 842 2833 duxerat:
868 2767 981 2852 quibus
1003 2766 1065 2828 sin-

163 2871 246 2953 gulis
277 2871 472 2954 singularum
502 2872 629 2935 urbium
660 2878 817 2956 perpetua
847 2868 979 2935 dederat
1007 2869 1065 2932 im-

130 2974 261 3056 2peria.
316 2973 367 3038 Sic
405 2974 490 3038 enim
527 2975 675 3039 facillime
713 2975 836 3059 putavit
875 2994 918 3037 se
945 2972 1068 3037 Graeca

163 3076 273 3160 lingua
302 3077 480 3162 loquentes,
505 3078 558 3161 qui
579 3078 691 3141 Asiam
713 3078 906 3159 incolerent,
930 3077 987 3141 sub
1010 3097 1067 3139 sua
1111 3089 1124 3106 '

163 3186 362 3262 retenturum
375 3186 546 3266 potestate,
567 3182 594 3245 si
609 3181 718 3245 amicis
733 3181 797 3244 suis
814 3179 932 3264 oppida
946 3178 1067 3242 tuenda

163 3284 356 3366 tradidisset,
380 3283 493 3368 quibus
516 3305 550 3347 se
575 3304 726 3368 oppresso
749 3283 837 3347 nulla
862 3303 935 3365 spes
958 3279 1067 3343 salutis

164 3390 406 3474 relinqueretur.
444 3387 483 3449 In
504 3385 566 3450 hoc
589 3387 648 3450 fuit
662 3391 730 3449 tum
745 3406 879 3449 numero
896 3383 1065 3448 Miltiades.
