2400 3848
432 230 512 269 xxm.
532 230 691 270 murman.
711 230 741 272 m
897 248 902 257 -
984 231 1039 289 129

198 375 276 442 XII.
309 377 399 451 Quae
431 378 507 442 dum
542 379 575 442 in
604 376 684 442 Asia
714 382 887 462 geruntur,
923 377 1065 442 accidit1

133 501 219 564 casu,
241 487 277 545 ut
298 483 398 566 legati
416 483 549 547 Prusiae
564 481 689 548 Romae
712 481 798 566 apud
820 481 856 545 Τ.
873 481 1040 555 Quintium

133 583 349 649 Flamininum
381 587 582 650 consularem
613 591 765 650 cenarent
795 591 891 668 atque
923 585 968 648 ibi
997 584 1038 649 de

132 686 315 752 Hannibale
346 690 509 754 mentione
546 689 631 753 facta
662 710 703 753 ex
734 690 772 752 iis
803 711 884 752 unus
918 687 1040 753 diceret

133 811 208 856 eum
229 793 263 855 in
284 791 417 858 Prusiae
432 815 533 877 regno
551 814 631 858 esse.
675 793 716 856 Id
738 798 868 878 postero
893 791 945 856 die
963 791 1066 855 Fla-2

132 895 270 959 mininus
301 897 426 961 senatui
456 896 579 961 detulit.
623 896 737 961 Patres
767 896 952 981 conscripti,
985 896 1037 981 qui

131 998 313 1064 Hannibale
335 1001 408 1065 rivo
425 1019 598 1084 numquam
622 1023 655 1065 se
680 1002 747 1067 sine
769 1001 891 1065 insidiis
913 1001 1038 1064 futuros

132 1103 369 1188 existimarent,
396 1106 521 1189 legatos
551 1107 585 1169 in
606 1105 791 1190 Bithyniam
812 1106 982 1187 misemnt,
1005 1104 1037 1167 in

130 1207 169 1270 iis
192 1208 421 1293 Flamininum,
445 1211 499 1295 qui
521 1210 561 1274 ab
583 1231 660 1293 rege
682 1214 847 1295 peterent,
869 1229 910 1272 ne
933 1207 1037 1271 inimi-

131 1309 292 1374 cissimum
322 1333 414 1375 suum
445 1333 553 1376 secum
581 1313 716 1377 haberet
745 1312 867 1396 sibique
892 1310 1036 1375 dederet.

131 1413 193 1476 His
208 1415 321 1478 Prusia
335 1437 455 1499 negare
479 1437 574 1480 ausus
593 1436 659 1480 non
682 1420 747 1482 est:
769 1414 850 1478 illud
868 1416 1062 1496 recusarit,³

131 1536 173 1580 ne
195 1515 230 1579 id
259 1539 333 1582 ase
356 1518 426 1583 fieri
448 1519 663 1603 postularent,
693 1517 780 1603 quod
808 1517 960 1582 adversus
988 1519 1037 1582 ius

131 1617 262 1702 hospitii
278 1627 379 1702 esset;
401 1622 472 1705 ipsi,
495 1621 523 1686 si
543 1627 687 1706 possent,
710 1620 1035 1705 comprehenderent:

131 1720 257 1805 locum,
288 1723 344 1787 ubi
375 1730 476 1806 esset,
509 1724 602 1789 facile
634 1725 830 1789 inventuros.
874 1723 1037 1787 Hannibal

131 1825 218 1889 enim
239 1846 303 1890 uno
320 1827 391 1890 loco
415 1847 449 1891 se
472 1827 611 1909 tenebat,
633 1827 667 1890 in
690 1827 831 1909 castello,
855 1825 942 1910 quod
965 1827 996 1890 ei
1018 1848 1037 1890 a

131 1947 209 2011 rege
233 1928 342 1993 datum
363 1935 432 1994 erat
446 1932 580 2011 muneri,
606 1930 703 2014 idque
726 1931 770 1994 sic
786 1930 978 2013 aedificarat,
1001 1937 1037 1994 ut

130 2031 165 2094 in
177 2032 322 2096 omnibus
333 2033 476 2118 partibus
488 2031 624 2096 aedificii
636 2033 740 2097 exitus
756 2033 900 2115 haberet,
916 2032 1037 2097 scilicet

131 2155 262 2217 verens,
285 2157 326 2200 ne
349 2156 410 2200 usu
431 2137 563 2218 veniret,
586 2136 673 2222 quod
696 2136 819 2201 accidit.
864 2137 939 2201 Huc
964 2154 1062 2200 cums

131 2237 229 2322 legati
248 2238 470 2303 Romanorum
492 2240 654 2304 venissent
683 2260 720 2304 ao
741 2240 945 2304 multitudine
978 2238 1036 2303 do·

130 2361 220 2404 mum
242 2342 310 2405 eius
332 2343 634 2427 circumdedissent,
665 2364 746 2429 puer
776 2344 815 2406 ab
844 2344 940 2406 ianua
961 2363 1035 2427 pro·

130 2444 268 2528 spiciens
283 2445 459 2509 Hannibali
482 2446 562 2510 dixit
583 2447 691 2531 plures
713 2452 842 2531 praeter
865 2451 1034 2510 consuetu-

131 2545 240 2610 dinem
268 2554 407 2612 armatos
436 2569 601 2633 apparere.
647 2548 710 2622 Qui
732 2549 902 2633 imperavit
925 2549 971 2631 ei,
1000 2555 1036 2612 ut

131 2669 242 2713 omnes
263 2650 350 2715 fores
373 2651 510 2716 aedificii
532 2653 713 2716 circumiret
741 2673 777 2715 ao
805 2672 943 2737 propere
975 2652 1036 2715 sibi

129 2753 300 2836 nuntiaret,
322 2775 399 2818 num
421 2754 536 2819 ecdem
551 2754 649 2818 modo
665 2754 806 2839 undique
823 2754 1034 2818 obsideretur.

128 2854 216 2920 Puer
238 2878 310 2921 cum
333 2858 489 2942 celeriter,
514 2858 590 2943 quid
613 2864 706 2940 esset,
729 2857 944 2923 renuntiasset
967 2877 1065 2919 om-s

128 2979 250 3045 nosque
267 2962 371 3025 exitus
388 2966 561 3046 occupatos
578 2960 781 3042 ostendisset,
804 2960 903 3023 sensit
921 2957 955 3021 id
970 2979 1036 3022 nou

127 3063 261 3128 fortuito
289 3062 425 3146 factum,
454 3063 512 3127 scd
541 3085 575 3128 se
605 3065 673 3148 peti
700 3084 804 3148 neque
834 3062 894 3126 sibi
917 3061 1036 3124 diutius

126 3166 227 3230 vitam
250 3186 319 3230 esse
342 3167 554 3231 retinendam.
592 3166 695 3239 Quam
716 3186 757 3229 ne
781 3166 885 3229 alieno
903 3165 1033 3228 arbitrio

128 3267 312 3350 dimitteret,
334 3289 459 3332 memor
473 3269 677 3353 pristinarum
692 3270 846 3333 virtutum
862 3288 1033 3349 venenum,

127 3372 214 3456 quod
237 3392 364 3458 semper
389 3391 498 3434 secum
526 3371 645 3435 habere
670 3376 853 3453 consuerat,
887 3371 1032 3455 sumpsit.
