2400 3848
172 219 228 276 100
466 215 548 255 mm
567 216 712 256 rumne.
730 216 749 255 s
763 217 781 256 r.

169 364 308 429 nitiones
341 362 498 447 Antigoni
529 364 607 428 alias
637 363 796 446 incendit,
832 363 910 428 alias
942 362 1077 430 disiecit.

169 466 286 530 Tenuit
309 471 417 530 autem
438 489 473 532 se
496 487 560 532 uno
583 469 666 550 loco,
690 489 786 552 quam
809 466 864 531 diu
882 468 986 532 hiems
1007 468 1077 550 fuit,

170 569 257 655 quod
280 575 383 634 castra
410 570 468 633 sub
501 569 575 634 divo
598 571 718 635 habere
740 592 806 636 non
828 577 964 656 poterat.
1008 571 1078 635 Ver

170 673 461 758 appropinquabat:
506 674 655 738 simulata
692 674 876 756 deditione,
922 674 998 738 dum
1036 673 1077 738 de

170 776 409 841 condicionibus
440 781 571 859 tractat,
602 777 772 861 praefectis
793 776 951 861 Antigoni
972 777 1077 862 impo-

170 881 231 944 suit
253 900 351 963 seque
375 899 412 942 ae
434 900 509 943 suos
532 900 644 943 omnes
667 881 808 944 extraxit
829 880 1016 945 incolumes.

136 1011 146 1049 1
234 982 291 1047 VI.
322 982 376 1045 Ad
405 983 490 1047 bunc
518 983 700 1069 Olympias,
728 989 832 1049 mater
859 1005 941 1070 quae
973 984 1079 1049 fuerat

170 1086 364 1170 Alexandri,
397 1109 471 1152 cum
500 1088 623 1152 litteras
654 1093 688 1152 et
717 1089 846 1153 nuntios
876 1088 1014 1151 misisset
1044 1087 1078 1150 in

170 1191 282 1257 Asiam
311 1193 507 1276 consultum,
538 1199 645 1257 utrmn
675 1213 811 1276 regnum
838 1191 1013 1275 repetitum
1044 1191 1078 1253 in

171 1294 394 1360 Macedoniam
408 1298 532 1361 veniret
551 1294 638 1378 (nam
653 1301 721 1360 tum
735 1296 769 1360 in
783 1295 883 1378 Epiro
898 1292 1076 1374 habitabat)

136 1421 148 1459 a
172 1403 204 1461 et
227 1419 281 1462 eae
303 1420 355 1464 res
372 1405 552 1485 occuparet,
574 1401 649 1464 huic
670 1401 724 1464 ille
747 1400 886 1485 primum
903 1399 1012 1479 suasit,
1034 1418 1076 1461 ne

170 1521 205 1564 so
228 1507 375 1565 moveret
390 1507 422 1565 et
437 1508 649 1586 exspectaret,
673 1501 780 1587 quoad
794 1500 974 1565 Alexandri
993 1501 1076 1564 filius

169 1623 305 1685 regnum
327 1603 571 1688 adipisceretur:
594 1606 644 1668 sin
666 1605 771 1690 aliqua
786 1605 959 1689 cupiditate
982 1625 1079 1690 rape-.

169 1711 258 1770 retur
278 1707 312 1769 in
334 1706 576 1785 Macedoniam,
600 1708 840 1772 oblivisceretur
864 1708 1006 1772 omnium
1026 1707 1075 1771 in·

170 1810 322 1875 iuriarum
351 1816 384 1875 at
411 1811 444 1874 in
472 1811 634 1876 neminem
656 1811 819 1876 acerbiore
843 1816 987 1875 uteretur
1015 1811 1075 1874 im·

134 1935 147 1974 e
170 1914 270 1998 perio.
314 1913 442 1977 Horum
463 1913 518 1977 illa
539 1915 617 1978 nihil
639 1913 730 1978 fecit:
760 1935 836 1978 nam
857 1913 944 1977 etin
966 1913 1075 1978 Mace·

171 2016 300 2080 doniam
321 2016 465 2101 profecta
487 2023 536 2080 est
558 2022 592 2081 et
612 2017 657 2080 ibi
672 2017 889 2081 crudelissime
913 2016 1075 2099 sogessit.

168 2120 267 2186 Petiit
289 2127 397 2185 autem
425 2121 465 2185 ab
488 2121 633 2185 Eumene
663 2121 811 2202 absente,
840 2141 881 2184 ne
910 2125 1077 2203 pateretur

168 2223 310 2309 Philippi
335 2223 448 2287 domus
470 2245 508 2288 ac
529 2223 666 2288 familiae
686 2223 920 2287 inimicissimos
942 2223 1076 2307 stirpem

170 2346 296 2409 quoque
325 2326 508 2390 interimere
537 2327 698 2410 terretque
732 2346 828 2410 opem
858 2325 966 2390 liberis
995 2325 1074 2390 Ale-

122 2457 146 2496 .4
168 2427 292 2492 xandri.
338 2427 441 2501 Quam
469 2429 596 2493 veniam
623 2431 650 2493 si
674 2429 780 2511 daret,
812 2450 909 2513 quarn
935 2429 1075 2514 primum

169 2532 328 2594 exereitus
359 2535 502 2612 pararet,
534 2552 614 2616 quos
642 2531 702 2595 sibi
723 2531 864 2596 subsidio
888 2531 1073 2597 adduceret.

167 2632 207 2697 ld
238 2652 301 2716 quo
332 2631 455 2696 facilius
485 2632 622 2716 faceret,
652 2655 686 2698 se
720 2634 865 2698 omnibus
892 2634 1073 2718 praefectis,

168 2736 222 2821 qui
250 2736 284 2800 in
313 2734 417 2799 officio
447 2735 634 2817 manebant,
664 2736 787 2801 misisse
809 2737 949 2819 litteras,
977 2743 1014 2800 ut
1043 2740 1074 2802 ei

133 2845 317 2918 sperarent
346 2840 477 2920 eiusque
501 2841 638 2903 consiliis
667 2846 843 2904 uterentur.
888 2839 949 2903 His
976 2841 1073 2905 rebus

166 2941 328 3006 Eumenes
357 2946 523 3022 permotus
552 2943 650 3006 satius
680 2943 785 3025 duxit,
817 2943 845 3006 si
874 2943 920 3006 ita
947 2943 1073 3007 tulisset

165 3044 307 3125 fortuna,
335 3045 440 3125 perire
464 3045 546 3109 bene
569 3046 691 3110 meritis
712 3047 907 3112 referentem
935 3039 1072 3129 gratiam

167 3165 261 3228 quam
282 3147 443 3230 ingratum
465 3147 584 3212 vivere.

130 3283 142 3324 1
230 3248 305 3312 VII.
334 3249 447 3330 laque
471 3250 578 3336 copias
592 3252 760 3333 contraxit,
783 3251 903 3316 bellum
917 3248 1071 3315 adversus

165 3348 364 3434 Antigonum
387 3354 591 3436 comparavit.
639 3354 734 3429 Quod
756 3375 819 3418 una
850 3359 940 3418 erant
961 3354 1069 3418 Mace-
