2400 3848
182 225 237 282 102
495 223 576 264 XVIII.
595 223 737 264 EUMENES.
757 225 776 263 9.

142 397 155 436 a
178 392 257 456 quos
279 372 423 437 fecerint.
469 371 592 447 Quodsi
615 374 686 459 quis
707 373 837 437 illorum
856 379 1082 440 veteranorum

175 474 264 558 legat
291 476 391 558 facta,
418 477 508 561 paria
535 475 651 540 horum
680 484 852 559 cognoscat
879 501 984 565 neque
1012 501 1083 544 rem

175 578 273 642 ullam
294 581 355 644 nisi
369 586 496 665 tempus
509 580 663 644 interesse
686 579 817 646 iudicet.
858 581 923 647 Sed
946 582 988 647 ad
1009 585 1082 649 illos

173 688 327 748 revertar.
359 683 505 748 Hiberna
520 690 720 768 sumpserant
734 705 800 749 non
823 685 864 750 ad
886 707 979 752 usum
993 688 1081 771 belli,

174 787 233 852 sed
255 786 297 854 ad
318 789 461 873 ipsorum
483 788 643 852 luxuriam
665 789 826 874 longeque
850 789 991 856 interae
1016 792 1089 877 ‹lis-¹

139 896 345 960 ccesserunt.
389 891 463 956 Hoc
485 889 667 975 Antigonus
698 913 771 956 cum
793 895 1003 978 comperisset
1031 896 1079 959 in·

171 996 406 1079 tellegeretque
436 1015 469 1060 se
493 1006 605 1080 parem
631 1015 697 1059 non
726 1015 796 1060 esse
825 998 943 1080 paratis
964 997 1078 1062 adver-

154 1099 278 1183 sariis,
322 1099 433 1163 statuit
472 1097 592 1183 aliquid
636 1099 696 1162 sibi
733 1100 857 1163 consilii
892 1102 969 1165 novi
1007 1123 1077 1168 esse

169 1203 369 1288 capiendum.
407 1204 501 1268 Duae
525 1209 616 1268 erant
637 1204 720 1285 viae,
743 1224 807 1287 qua
828 1224 871 1267 ex
885 1204 1000 1287 Medis,
1023 1206 1078 1270 ubi

167 1307 222 1372 ille
238 1308 411 1389 hiemabat,
427 1306 469 1370 ad
478 1306 735 1370 adversariorum
749 1306 956 1371 hibernacula
967 1314 1077 1393 posset

132 1443 145 1480 5
167 1411 342 1497 perveniri.¹
368 1410 510 1483 Quarum
525 1410 654 1474 brevior
669 1431 727 1495 per
742 1411 815 1473 loca
831 1410 968 1494 deserta,
992 1433 1075 1497 quae

166 1536 261 1579 nemo
285 1513 448 1577 incolebat
468 1517 601 1598 propter
624 1533 724 1597 aquae
748 1513 899 1597 inopiam,
931 1520 1076 1579 ceterum

167 1617 292 1681 dierum
314 1620 382 1680 erat
404 1616 471 1679 fere
497 1613 625 1678 decem:
654 1614 710 1678 illa
732 1620 850 1697 autem,
875 1637 938 1700 qua
962 1637 1073 1681 omnes

166 1719 397 1801 commeabant,
421 1718 522 1782 altero
546 1723 635 1781 tanto
658 1717 840 1802 longiorem
856 1720 995 1784 habebat
1017 1743 1072 1786 an-

164 1824 318 1906 fractum,
356 1822 414 1886 sed
451 1826 520 1887 erat
553 1821 688 1906 ‚copiosa
722 1823 927 1907 omniumque
964 1845 1073 1890 rerum

129 1927 338 1997 sabundans.
382 1925 455 1990 Hac
491 1926 518 1990 si
553 1924 826 2010 proficisceretur,
863 1926 1073 2011 intellegebat

162 2032 250 2115 prius
266 2031 467 2095 adversarios
481 2031 654 2094 rescituros
677 2029 718 2094 de
741 2050 800 2094 suo
817 2029 959 2094 adventu
976 2052 1072 2116 quam

161 2138 230 2221 ipse
255 2136 382 2200 tertiam
409 2140 533 2220 partem
557 2133 747 2199 confecisset
768 2133 908 2197 itineris:
937 2135 985 2199 sin
1013 2158 1072 2222 per

161 2243 234 2306 lo'ca
255 2243 325 2306 sola
347 2239 573 2320 contenderet,
603 2237 752 2322 sperabat
774 2257 808 2301 se
832 2237 1069 2321 imprudentem

29 2323 33 2332 ,
127 2369 140 2410 r
161 2344 286 2409 hostem
304 2364 540 2428 oppressurum.
575 2339 629 2403 Ad
649 2339 732 2402 hane
753 2360 823 2402 rem
839 2340 1069 2408 conficiendam

160 2448 330 2532 imperavit
352 2443 623 2531 quamplurimos
645 2447 733 2505 utres
760 2447 855 2527 atque
880 2444 978 2507 etiam
1002 2447 1068 2510 cul·

160 2551 229 2615 leos
261 2549 454 2633 comparari,
485 2553 559 2634 post
589 2547 670 2611 haec
700 2547 868 2629 pabulum,
900 2554 1069 2633 praeterea

160 2654 277 2718 cibaria
308 2658 399 2717 cocta
431 2652 554 2715 dierum
585 2650 714 2730 decem,
746 2654 782 2712 ut
813 2671 908 2734 quam
935 2652 1065 2719 minime

159 2759 251 2824 fieret
272 2759 355 2841 iguis
383 2757 558 2820 incastris.
602 2753 670 2816 Iter
702 2772 764 2836 quo
788 2752 922 2835 habeat,
955 2775 1066 2821 omnes

159 2863 250 2926 celat.
296 2860 348 2925 Sic
364 2864 503 2944 paratus,
526 2878 589 2942 qua
604 2856 821 2936 constituerat,
845 2856 1064 2939 proficiscitur,

125 2994 135 3035 1
224 2965 283 3029 IX.
312 2963 489 3027 Dimidium
511 2962 579 3026 fere
602 2959 741 3044 spatium
765 2956 962 3040 coniecerat,
992 2981 1065 3025 cum

159 3090 200 3133 ex
222 3069 309 3132 fumo
341 3072 516 3131 castrorum
548 3064 616 3128 eius
648 3060 784 3144 suspicio
816 3060 913 3123 allata
943 3068 992 3125 est
1022 3064 1065 3127 ad

158 3171 336 3235 Eumenem
372 3170 499 3235 hostem
540 3166 807 3253 appropinquare.
862 3162 1064 3231 Conveniunt

158 3274 272 3338 duces:
305 3275 484 3358 quaeritur,
517 3270 594 3356 quid
625 3289 705 3353 opus
728 3267 769 3330 sit
790 3264 885 3330 facto.
929 3267 1061 3333 Intelle-

155 3377 276 3459 gebant
299 3398 410 3441 omnes
432 3382 498 3439 tam
521 3374 668 3438 celeriter
691 3371 799 3455 copias
820 3367 962 3452 ipsorum
985 3392 1060 3435 oon-
