2400 3848
110 246 113 251 .
129 217 185 256 VIII
498 214 668 254 PRAEFATIO.

128 368 174 429 ita
195 371 304 428 tamen
326 367 362 425 ut
384 382 488 446 neque
511 362 629 446 ubique
651 368 762 425 contra
777 363 925 426 codicum
941 363 1041 428 fidem

129 469 296 534 Halmium
319 467 378 529 sim
401 471 527 528 secutus
550 487 655 550 neque
677 473 863 551 aspernatus
887 473 1040 552 quaeant

131 573 246 637 Oobeti
260 571 425 654 ingenium
439 573 474 631 ut
489 570 686 632 uberrimum
700 571 747 633 ita
761 593 837 634 sane
849 573 1039 656 plerumque

129 677 348 741 felicissimum
360 673 400 736 ad
410 673 593 737 Corneliani
602 675 675 737 libri
690 697 815 739 errores
830 675 1040 759 corrigendos

131 781 327 864 excogitavit
349 780 488 864 plurima
509 785 564 842 aut
583 800 644 863 ego
661 781 740 863 ipse,
763 780 864 843 sicubi
879 782 958 844 mihi
973 802 1040 843 non

129 886 346 971 probabantur
357 885 492 946 aliorum
503 884 642 965 inventa,
653 884 777 949 adferre
787 906 882 969 posse
895 886 1041 950 remedia

130 989 316 1055 arbitrabar.
372 987 462 1060 Quae
500 988 545 1049 ita
582 990 737 1072 temptavi
774 989 888 1072 quibus
926 991 1040 1053 ductus

130 1093 306 1158 rationibus
328 1093 553 1176 temptaverim
575 1093 765 1177 propediem
784 1117 836 1158 me
853 1117 947 1180 spero
966 1095 1040 1158 data

132 1198 298 1263 occasione
323 1196 501 1259 docturum.

197 1302 349 1367 Ceterum
385 1301 441 1363 vix
471 1299 684 1364 dubitaverim
716 1302 792 1385 quin
823 1303 1039 1386 gratissimum

130 1408 261 1472 fecerim
292 1405 329 1468 iis
367 1405 480 1488 quibus
520 1405 652 1468 ducibus
689 1405 921 1470 adulescentuli
955 1407 1039 1469 huno

130 1512 246 1575 librum
264 1509 445 1573 tractabunt
458 1509 603 1573 tollendo
622 1508 824 1572 difficultates
840 1532 906 1573 non
920 1533 1039 1596 paucas

130 1638 235 1701 neque
254 1637 308 1679 eas
328 1614 518 1696 mediocres,
542 1614 860 1698 quibusOornelium
875 1615 1038 1697 Nepotem

130 1722 235 1804 ipsum
264 1719 413 1783 foedasse
444 1718 589 1782 libellum
621 1739 713 1780 suum
745 1739 810 1781 non
842 1718 1039 1781 contendent

130 1825 191 1886 nisi
227 1822 282 1907 qui
318 1842 536 1906 quaecumque
578 1822 612 1884 in
648 1821 842 1884 membranis
879 1823 1039 1906 leguntur,

131 1927 334 2010 quantumvis
356 1927 459 1989 futilia
481 1927 544 1989 sint
566 1948 603 1989 ao
625 1927 809 2011 suspiciosa,
832 1927 1041 2011 integerrima

131 2037 225 2114 atque
255 2036 457 2094 sacrosancta
487 2029 640 2094 ducentes
662 2032 715 2095 vel
737 2031 853 2096 leviter
875 2032 902 2094 si
927 2037 1040 2114 tangas

130 2135 320 2218 religionem
342 2139 456 2219 putant
479 2155 560 2198 esse.
606 2134 709 2198 Immo
733 2136 840 2219 potius
861 2137 1040 2201 verendum

132 2244 180 2301 est
209 2260 250 2301 ne
281 2239 420 2301 existant
449 2238 503 2323 qui
533 2239 633 2302 multa
658 2261 711 2302 me
734 2240 899 2324 reliquisse
921 2237 1041 2305 intacta

128 2342 348 2425 conclament,
379 2364 461 2426 quae
485 2342 603 2406 eodem
628 2364 758 2427 prorsus
782 2342 850 2409 iure
874 2353 965 2411 erant
987 2349 1041 2410 vel

132 2446 299 2510 abicienda
328 2447 381 2511 vel
396 2474 398 2476 ·
414 2447 585 2510 mutanda:
617 2468 698 2532 quos
728 2449 808 2512 item
840 2451 881 2513 ad
912 2457 1041 2535 tempus

132 2552 316 2635 proximum
340 2551 567 2635 delegaverim.

197 2655 234 2717 ln
244 2655 340 2719 rebus
352 2655 605 2741 orthographicis
616 2657 743 2722 codices
753 2659 904 2722 meliores
913 2666 1043 2725 secutus

134 2780 213 2840 sum,
237 2760 263 2821 si
285 2760 427 2844 excipias
452 2782 505 2824 eas
521 2761 638 2825 formas
658 2782 742 2846 quae.
755 2762 967 2826 Brambaohio
987 2763 1042 2844 (cf.

134 2861 390 2945 ,Hiilfsbiichlein
418 2865 468 2928 fiir
490 2866 694 2931 Lateinische
717 2867 1042 2952 Rechtschreibung‘)

134 2974 188 3030 aut
212 2969 341 3031 omnino
365 2990 431 3031 non
453 2976 508 3033 aut
530 2972 635 3034 minus
657 2972 843 3056 probantur.
980 2965 983 2970 ’

200 3107 388 3176 vindobonae,
404 3125 427 3159 a.
439 3111 463 3160 d.
478 3111 529 3161 III.
544 3112 606 3162 Kal.
622 3113 735 3163 Martias
749 3112 1048 3164 MDCCCLXXXIII.
