2400 3848
445 256 527 296 xvnr.
546 253 687 295 aurnuns.
708 253 726 292 a.
975 249 1037 304 ‘101
1056 229 1062 237 ¹

133 401 235 467 dones
263 404 443 488 complures
471 402 612 482 nobiles,
643 402 675 464 in
703 401 741 463 iis
764 399 954 478 Peucestes,
985 395 1038 479 qui

132 507 276 592 corporis
299 513 405 572 custos
427 508 531 571 fuerat
548 504 736 584 Alexandri,
759 508 827 567 tum
849 506 958 565 autem
982 497 1037 561 ob·

130 609 255 673 tinebat
269 609 447 692 Persidem,
473 615 505 674 et
520 609 709 693 Antigenes,
726 607 814 671 cuius
829 606 886 669 sub
903 603 1037 688 imperio

130 712 274 797 phalanx
293 720 361 778 crat
374 713 598 795 Macedonum,
621 712 773 776 invidiam
794 729 920 790 verens,
944 729 1039 792 quam

130 823 240 881 tamen
263 818 406 901 effugere
429 839 495 881 non
517 817 632 902 potuit,
656 817 682 879 si
706 816 813 900 potius
834 815 903 898 ipse
927 811 1037 876 alieni-

133 941 217 1003 gena
232 942 357 985 summa
371 922 497 1004 imperii
513 923 671 1006 potiretur
687 943 783 1007 quarn
798 921 914 1004 aliquis
930 918 1037 982 Mace·

131 1023 269 1107 donum,
294 1047 429 1110 quorum
451 1026 495 1090 ibi
519 1031 587 1088 erat
609 1023 796 1104 multitudo,
820 1022 853 1085 in
874 1019 1036 1104 principiis
1059 1038 1071 1078 2

99 1144 103 1149 ·
129 1125 309 1192 Alexandri
330 1130 459 1193 nomine
482 1129 723 1193 tabernaculum
745 1126 855 1190 statuit
876 1125 910 1187 in
932 1144 1035 1208 coque

127 1229 242 1294 sellam
265 1251 395 1295 auream
424 1253 496 1296 cum
524 1239 650 1317 sceptro
682 1252 718 1295 ac
743 1230 923 1295 diademate
946 1229 1037 1291 iussIt

126 1335 206 1419 poni
228 1356 332 1420 ecque
357 1358 467 1400 omnes
492 1335 609 1400 cotidie
641 1335 828 1415 convenire,
856 1339 892 1395 ut
921 1332 965 1395 ibi
995 1331 1035 1395 de

127 1440 259 1504 summis
281 1440 377 1504 rebus
393 1441 524 1503 consilia
540 1445 739 1525 caperentur,
762 1436 896 1501 credens
912 1436 1034 1501 minore

127 1563 163 1607 sc
193 1543 313 1607 invidia
349 1544 435 1626 fore,
473 1544 500 1606 si
533 1544 639 1628 specie
671 1541 797 1626 imperii
834 1540 1034 1623 nominisque

127 1646 329 1709 simulatione
352 1645 532 1710 Alexandri
559 1647 680 1710 bellum
709 1645 871 1710 videretur
900 1643 1034 1708 admini-

127 1754 239 1814 strare.
279 1749 374 1823 Quod
389 1751 506 1814 effecit.
544 1751 628 1814 Nam
651 1773 723 1814 cum
737 1771 802 1814 non
826 1750 866 1814 ad
883 1749 1070 1813 Eumeniss

126 1852 300 1938 principia,
332 1852 390 1916 sed
420 1855 461 1918 ad
489 1857 579 1938 regia
609 1856 833 1919 conveniretur
865 1859 960 1938 atque
991 1854 1036 1917 ibi

128 1957 169 2022 do
197 1957 293 2021 rebus
324 1957 571 2042 deliberaretur,
605 1959 746 2044 quodam
775 1959 872 2023 modo
905 1957 1035 2039 latebat,

127 2083 201 2126 cum
223 2067 330 2126 tamen
353 2084 411 2146 per
435 2084 510 2127 eum
532 2085 631 2126 unum
652 2067 841 2146 gererentur
865 2061 980 2123 omnia.

192 2166 286 2231 VIII.
315 2167 379 2230 Hic
407 2168 439 2230 in
461 2167 645 2231 Paraetacis
675 2188 747 2230 cum
768 2164 933 2248 Antigono
958 2183 1068 2227 con-1

125 2270 217 2352 flixit,
240 2290 306 2335 non
329 2271 397 2333 acio
420 2272 589 2353 instructa,
613 2270 670 2335 sed
693 2272 725 2334 in
747 2271 873 2352 itinere,
897 2290 1033 2354 eumque

126 2375 210 2438 male
227 2379 394 2458 acceptum
410 2375 443 2436 in
452 2373 594 2438 Mediam
609 2375 784 2439 hiematum
800 2374 906 2457 co'e‘git
917 2373 1033 2438 redire.

126 2476 201 2562 Ipse
224 2477 257 2540 in
279 2477 412 2541 finitima
427 2479 560 2561 regione
576 2478 716 2542 Persidis
734 2478 911 2541 hiematum
926 2477 1033 2561 copias

126 2577 249 2662 divisit,
281 2601 346 2644 non
375 2586 410 2644 ut
439 2582 556 2663 voluit,
587 2581 645 2646 sed
673 2588 709 2645 ut
738 2583 876 2646 militum
898 2581 1034 2664 cogebat

124 2681 282 2748 voluntas.
316 2683 463 2769 Namque
485 2686 542 2749 illa
563 2686 704 2771 phalanx
718 2687 897 2751 Alexandri
912 2687 1032 2770 Magni,
1055 2706 1068 2744 a

125 2806 207 2871 quae
229 2785 343 2850 Asiam
364 2795 551 2874 peragrarat
575 2789 800 2875 deviceratque
824 2790 955 2872 Persas,
985 2791 1031 2852 in-

123 2894 269 2955 veterata
307 2912 379 2954 cum
413 2892 516 2975 gloria
548 2899 618 2957 tum
649 2893 747 2957 etiam
782 2893 930 2974 licentia,
967 2912 1032 2955 non

124 3015 239 3081 parere
276 2996 427 3079 ducibus,
467 2999 524 3062 sed
561 3001 720 3084 imperare
756 3001 958 3085 postulabat,
994 3006 1030 3064 ut

123 3121 208 3165 nunc
236 3103 382 3166 veterani
409 3102 529 3166 faciunt
557 3105 667 3167 nostri.
712 3103 825 3187 Itaque
855 3102 1033 3188 periculum

124 3209 182 3287 est,
205 3226 245 3269 ne
269 3205 402 3289 faciant,
427 3207 514 3291 quod
536 3207 582 3269 illi
605 3207 765 3291 fecerunt,
795 3229 853 3271 sua
873 3209 1031 3293 intempe-

123 3307 226 3372 rantia
246 3309 406 3394 nimiaque
430 3311 559 3374 licentia
581 3317 617 3374 ut
641 3312 747 3374 omnia
767 3311 903 3396 perdant
925 3332 1030 3395 neque

124 3410 225 3473 minus
249 3432 315 3493 eos,
340 3434 411 3475 cum
435 3413 549 3496 quibus
572 3414 734 3496 steterint,
759 3435 853 3498 quam
876 3414 1036 3479 adversus
