2400 3848
189 225 207 282 g
520 221 537 261 1.
557 222 723 264 umrmnns.
743 225 761 264 r.

190 390 271 454 quae
294 371 425 435 Poecile
451 377 599 454 vocatur,
628 392 700 436 cum
728 394 837 458 pugna
867 373 1094 460 depingeretur

189 473 399 556 Marathonia,
420 475 504 539 utin
519 473 632 540 decem
644 481 829 560 praetorum
843 498 976 542 numero
991 478 1095 562 prima

187 577 258 652 eius
294 578 401 661 imago
432 584 607 663 poneretur
643 580 733 664 isque
763 580 945 644 hortaretur
977 580 1094 644 milites

157 680 410 765 rproeliumque
449 683 672 748 committeret.
726 683 819 747 Idem
855 684 909 748 ille
947 684 1094 768 populus,

189 789 400 870 posteaquam
421 786 523 851 maius
544 787 712 871 imperium
742 793 790 852 est
811 794 922 851 nactus
944 793 978 851 et
999 787 1093 870 largi-

189 887 278 951 tione
300 888 544 971 magistratuum
566 897 732 974 corruptus
756 896 821 973 est,
850 896 1009 956 trecentas
1032 895 1094 953 sta·

190 994 261 1053 tuas
282 989 449 1055 Demetrio
473 993 630 1058 Phalereo
655 993 805 1059 decrevit.

159 1125 171 1165 1
258 1090 334 1158 Vll.
362 1093 441 1158 Post
468 1095 530 1160 hoc
558 1098 718 1182 proelium
741 1099 875 1163 classem
897 1097 1095 1181 septuaginta

193 1184 321 1261 navium
343 1197 557 1264 Athenienses
580 1201 687 1265 eidem
709 1201 846 1266 Miltiadi
869 1201 1037 1282 dederunt,
1062 1204 1098 1262 ut

193 1299 325 1382 insulas,
357 1322 439 1386 quae
466 1303 619 1368 barbaros
641 1305 844 1387 adiuverunt,
873 1305 958 1368 bello
987 1324 1097 1388 perse·

194 1410 355 1487 queretur.
410 1406 480 1481 Quo
517 1409 660 1492 imperio
683 1410 851 1495 plerasque
887 1407 929 1470 ad
961 1407 1097 1469 officium

160 1508 300 1577 aredirc
323 1510 444 1594 coegit,
473 1513 642 1576 nonnullas
664 1514 696 1575 vi
719 1510 926 1597 expugnavit.
970 1509 1023 1574 Ex
1049 1510 1098 1573 his

194 1609 313 1674 Parum
334 1613 471 1677 insulam
498 1615 611 1700 opibus
640 1616 756 1679 elatam
780 1636 851 1678 cum
882 1614 1025 1678 oratione
1047 1634 1098 1676 re-

195 1715 365 1779 conciliare
394 1738 460 1780 non
487 1725 613 1803 posset,
644 1720 751 1803 copias
781 1720 954 1784 anavibus
977 1716 1099 1799 eduxit,

181 1820 306 1882 urbem
338 1821 487 1905 operibus
517 1823 628 1887 clausit
660 1824 809 1908 omnique
834 1827 1013 1886 commeatu
1034 1821 1097 1904 pri-

193 1925 290 2007 vavit,
314 1923 389 1990 dein
409 1926 511 1991 vineis
534 1949 571 1992 ao
593 1928 805 1992 testudinibus
825 1927 1001 1991 constitutis
1023 1944 1098 2010 pro·

160 2029 265 2112 ³pius
286 2050 395 2093 muros
419 2031 560 2096 accessit.
607 2031 687 2096 Oum
716 2032 780 2094 iam
808 2030 841 2094 in
871 2033 1035 2110 coesset,
1064 2031 1099 2089 ut

197 2133 315 2218 oppido
339 2134 506 2228 potiretur,
528 2135 641 2219 procul
662 2135 696 2198 in
719 2133 893 2198 continenti
915 2133 1015 2213 lucus,
1046 2129 1100 2214 qui

197 2259 239 2302 ex
266 2238 369 2301 insula
391 2237 659 2322 conspiciebatur,
690 2237 884 2320 nescioquo
918 2254 993 2298 casu
1023 2252 1098 2295 noc·

195 2346 290 2404 turum
319 2346 465 2425 tempore
496 2340 644 2404 incensus
675 2345 733 2404 est.
780 2337 877 2402 Cuius
908 2337 1035 2398 flamma
1064 2338 1100 2395 ut

195 2442 236 2507 ab
261 2442 426 2527 oppidanis
450 2448 482 2506 et
505 2442 777 2527 oppugnatoribus
795 2445 843 2504 est
857 2439 935 2520 visa,
958 2437 1098 2520 utrisque

196 2547 285 2612 venit
316 2547 350 2610 in
381 2541 565 2630 opinionem
598 2547 723 2628 signum
754 2564 774 2607 a
805 2541 970 2606 classiariis
1003 2539 1100 2622 regiis

162 2681 175 2717 4
198 2649 316 2713 datum.
362 2649 433 2724 Quo
456 2650 575 2712 factum
598 2655 656 2731 est,
679 2652 714 2710 ut
737 2653 769 2711 et
786 2646 872 2711 Parii
893 2665 913 2707 a
936 2642 1098 2706 deditione

199 2753 436 2819 deterrerentur
457 2758 490 2816 et
504 2751 665 2816 Miltiades
683 2751 808 2830 timens,
830 2770 871 2812 ne
888 2747 995 2811 classis
1009 2745 1101 2828 regia

199 2855 395 2938 adventaret,
410 2856 546 2920 incensis
563 2855 721 2940 operibus,
745 2875 825 2939 quae
842 2856 1004 2932 statuerat,
1028 2870 1099 2912 curn
1135 2907 1143 2918 „

199 2959 334 3023 totidem
364 2958 497 3023 navibus
535 2965 629 3044 atque
663 2964 732 3022 erat
761 2957 923 3042 proiectus
955 2954 1099 3018 Athenas

199 3083 314 3145 magna
349 3082 420 3125 cum
454 3062 629 3126 offensione
662 3062 777 3126 civium
808 3081 937 3124 suorum
970 3057 1099 3122 rediret.

164 3193 177 3232 e
198 3165 374 3236 Accusatus
390 3184 467 3247 ergo
493 3170 541 3228 est
555 3164 753 3248 proditionis,
776 3163 872 3249 quod,
896 3183 967 3225 oum
982 3161 1100 3224 Parum

200 3289 384 3353 expugnare
399 3274 518 3351 posset,
542 3289 561 3330 s
582 3289 658 3351 rege
675 3273 841 3350 corruptus
859 3265 983 3328 infectis
1005 3252 1100 3325 rebus

201 3373 404 3436 discessisset.
449 3371 497 3434 llo
522 3378 666 3455 tempore
698 3392 794 3455 aeger
817 3376 886 3433 erat
907 3367 1100 3447 vulneribus,
