2400 3848
162 247 200 303 24
483 244 521 284 ιν.
539 243 705 285 nauseans.
724 244 742 284 s.

163 394 255 479 eique
283 394 317 459 in
342 395 554 479 suspicionem
575 393 716 458 venisset
744 390 863 477 aliquid
890 389 924 455 in
953 410 992 454 oa
1021 387 1062 453 de

163 518 197 562 se
220 518 289 563 esse
312 499 474 582 scriptum,
497 497 583 582 quod
597 516 692 561 nemo
709 517 821 571 eorum
840 494 986 575 redisset,
1009 493 1064 577 qui

163 622 257 687 super
285 601 343 665 tali
367 623 461 666 causa
483 601 600 666 eodem
622 601 709 666 missi
732 607 838 684 erant,
869 601 973 665 vincla
995 597 1063 683 epi·

163 707 263 769 stulae
286 705 405 769 laxavit
428 705 581 790 signoque
598 704 741 769 detracto
760 704 919 788 cognovit,
942 703 969 767 si
990 722 1064 787 per-

130 837 142 877 a
163 811 302 893 tulisset,
333 810 392 874 sibi
422 829 492 874 esse
518 808 727 893 pereundum.
772 807 872 872 Erant
893 807 927 870 in
950 804 1065 870 eadem

164 914 308 1000 epistula,
340 933 421 998 quae
445 912 549 976 adea
573 912 784 997 pertinebant,
808 933 888 996 quae
908 911 992 974 inter
1012 928 1064 974 re-

163 1037 238 1101 gem
253 1016 506 1100 Pausaniamque
524 1020 747 1080 convenerant.
776 1013 845 1079 Has
866 1014 921 1079 ille
943 1013 1066 1076 litteras

131 1119 292 1205 sephoris
315 1117 456 1183 tradidit
498 1119 573 1183 Non
599 1124 648 1183 est
669 1117 905 1204 praetereunda
925 1115 1067 1201 gravitas

163 1222 493 1289 Lacedaemoniorum
516 1222 678 1287 hocloco.
715 1223 798 1288 Nam
819 1243 860 1286 ne
883 1222 977 1286 huius
998 1220 1066 1305 qui-

166 1325 240 1391 dem
261 1325 378 1390 indicio
402 1326 529 1410 impulsi
552 1332 634 1408 suut,
656 1330 693 1390 ut
707 1326 899 1390 Pausaniam
921 1344 1066 1410 compre·

164 1428 353 1511 henderent,
377 1450 480 1512 neque
502 1429 589 1514 prius
610 1429 676 1493 vim
698 1430 912 1494 adhibendam
934 1434 1067 1514 putave-

132 1558 143 1595 ⁴
165 1540 238 1596 runt
258 1553 353 1618 quam
375 1553 409 1598 se
432 1534 501 1617 ipse
523 1531 704 1597 indicasset.
741 1532 854 1618 Itaque
869 1532 943 1597 huic
959 1530 1067 1611 indici,

167 1636 242 1721 quid
263 1637 333 1700 fieri
354 1637 484 1716 vellent,
506 1641 748 1721 praeceperunt.
786 1634 911 1701 Fanum
925 1634 1068 1720 Neptuni

166 1746 215 1804 est
244 1740 396 1822 Taenari,
428 1739 514 1825 quod
541 1739 655 1803 violari
684 1739 773 1803 nefas
802 1744 914 1824 putant
944 1737 1067 1803 Graeci.

165 1841 214 1906 Eo
238 1843 292 1907 ille
316 1843 458 1926 confugit
480 1843 513 1906 in
535 1861 652 1926 araque
675 1841 829 1906 consedit.
864 1841 957 1905 Hanc
980 1842 1069 1905 iuxta

165 1948 273 2011 locum
294 1946 440 2010 fecerunt
461 1944 519 2008 sub
542 1949 643 2026 terra,
676 1965 726 2035 exv
740 1964 801 2029 quo
824 1949 934 2029 posset
956 1944 1068 2029 audiri,

134 2052 194 2117 ssi
223 2049 293 2136 quis
322 2049 400 2135 quid
432 2048 617 2134 loqueretur
651 2069 723 2113 cum
745 2048 880 2133 Argilio.
924 2048 999 2114 Huc
1028 2071 1070 2114 ex

168 2154 295 2239 ephoris
318 2152 448 2237 quidam
471 2151 714 2218 descenderunt.
751 2154 932 2237 Pausanias,
954 2159 991 2218 ut
1013 2174 1068 2218 au·

112 2343 114 2347 ¹
169 2256 248 2322 divit
276 2255 437 2339 Argihum
465 2255 645 2339 confugisse
673 2256 707 2320 in
736 2278 838 2340 aram,
867 2257 1070 2342 perturbatus
1124 2315 1127 2319 .

167 2361 256 2425 venit
283 2380 332 2424 eo.
379 2358 483 2433 Quem
512 2380 585 2423 oum
608 2360 783 2445 supplicem
816 2361 869 2427 dei
889 2361 1016 2426 videret
1035 2361 1069 2424 in

169 2484 224 2526 ara
245 2462 428 2544 sedentem,
459 2462 596 2546 quaerit,
629 2483 741 2528 causae
771 2464 847 2550 quid
869 2466 909 2528 sit
930 2471 996 2530 tam
1017 2484 1069 2530 re-

167 2564 292 2652 pentini
314 2564 447 2628 consilii.
492 2562 578 2628 Huic
600 2564 663 2647 ille,
687 2566 763 2651 quid
785 2589 827 2632 ex
849 2569 963 2634 litteris
982 2591 1069 2634 com-

135 2695 148 2732 c
168 2669 319 2755 perisset,
348 2668 458 2753 aperit.
503 2668 602 2732 Modo
626 2671 728 2753 magis
749 2671 922 2736 Pausanias
944 2678 1069 2758 pertur-

168 2775 260 2838 batus
277 2792 367 2836 orare
384 2771 500 2856 coepit,
522 2791 562 2835 ue
587 2772 765 2837 enuntiaret
781 2794 841 2838 nec
863 2796 896 2839 se
920 2776 1070 2840 meritum

172 2877 210 2942 de
227 2878 281 2941 illo
300 2876 418 2961 optime
437 2874 604 2961 proderet:
628 2877 714 2961 quod
736 2878 763 2941 si
784 2899 855 2943 eam
870 2881 996 2944 veniam
1011 2881 1071 2946 sibi

171 2981 311 3046 dedisset
333 2979 491 3064 tantisque
514 2979 710 3064 implicatum
741 2982 835 3047 rebus
863 2983 1070 3069 sublevasset,

172 3105 286 3170 magno
311 3085 341 3149 ei
362 3084 504 3170 praemio
527 3082 677 3149 futurum.

137 3211 148 3248 1
234 3188 275 3252 V.
305 3187 366 3251 His
387 3187 482 3251 rebus
505 3185 618 3270 ephori
640 3189 774 3272 cognitis
801 3191 898 3256 satius
920 3197 1072 3276 putarunt

170 3293 204 3354 in
225 3292 304 3356 urbe
328 3312 402 3356 eum
424 3289 662 3373 comprehendi.
701 3291 771 3366 Quo
789 3314 861 3358 cum
876 3300 982 3360 essent
996 3315 1071 3380 pro-

171 3396 247 3462 fecti
279 3400 312 3460 et
338 3395 510 3459 Pausanias
538 3393 663 3478 placato
692 3393 834 3479 Argilio,
865 3403 901 3462 ut
930 3398 1072 3483 putabat,
