2400 3848
451 243 500 283 ΧΠ.
520 240 669 282 caesares.
688 241 707 278 a
809 224 810 230 ’
997 237 1032 294 51

128 411 237 456 eomes
266 393 307 455 sit
335 397 368 455 et
397 390 534 454 libenter
555 389 593 452 iis
623 387 809 469 detrahant,
838 406 919 470 quos
951 384 1029 448 emi-

128 514 206 558 nere
237 493 367 558 'videant
398 493 508 574 altius,
539 513 643 576 neque
677 490 782 556 animo
815 509 917 572 aequo
952 508 1031 571 pau-

128 618 223 680 peres
245 598 381 661 alienam
403 596 587 661 intueantur
608 596 780 662 fortunam.
816 592 931 676 Itaque
948 590 1031 654 Cha-

129 699 224 781 briae,
248 719 321 763 eum
344 700 373 763 ei
396 700 528 782 licebat,
556 700 728 783 plurimum
752 697 872 761 aberat.
917 694 1033 778 Neque
1055 719 1068 758 r

128 808 202 850 vero
220 787 306 849 solus
328 786 382 849 ille
399 785 509 848 aberat
524 783 659 847 Athenis
676 785 822 864 libenter,
846 782 903 846 sed
920 802 1031 847 omnes

126 887 193 952 lere
224 885 384 971 principes
412 884 558 949 lecerunt
585 884 689 967 idem,
724 885 811 971 quod
841 892 965 951 tantum
998 907 1032 950 se

125 990 166 1054 ab
181 988 302 1053 invidia
316 987 471 1071 putabant
487 987 638 1070 afuturos,
658 997 811 1073 quantum
826 1011 846 1053 a
861 994 1034 1074 conspectu

126 1112 256 1156 suorum
296 1091 496 1155 recesserint.
550 1090 663 1175 Itaque
710 1091 825 1157 Conon
860 1094 1034 1177 plurimum

127 1196 226 1281 Cypri
259 1194 357 1273 vixit,
389 1188 566 1277 Iphicrates
596 1194 629 1256 in
659 1194 810 1277 Thracia,
846 1195 1033 1259 Timotheus

125 1298 249 1380 Lesbo,
279 1295 399 1361 Chares
423 1295 536 1378 Sige03
568 1295 728 1360 dissimilis
758 1297 889 1381 quidem
913 1296 1034 1362 Chares

126 1404 242 1467 horum
265 1407 298 1466 et
321 1401 412 1465 lactis
441 1406 474 1465 et
496 1400 654 1484 moribus,
684 1400 742 1466 sed
765 1407 874 1466 tamen
895 1400 1033 1465 Athenis

126 1513 161 1572 et
182 1507 358 1571 honoratus
380 1512 414 1569 et
435 1510 560 1590 potens.

190 1610 248 1675 IV.
280 1609 433 1675 Chabrias
463 1615 571 1673 autem
599 1608 694 1693 periit
722 1608 808 1673 bello
838 1609 949 1673 sociali
976 1609 1066 1674 talir
1099 1673 1104 1680 ,

125 1714 235 1778 modo.
282 1711 518 1797 Oppugnabent
544 1711 759 1777 Athenienses
783 1711 909 1777 Chium.
954 1713 1033 1778 Erat

105 1818 158 1881 in
181 1819 281 1882 classe
306 1815 458 1881 Chabrias
480 1802 638 1901 privatus,
671 1815 729 1881 sed
760 1837 888 1899 omnes,
918 1817 972 1901 qui
1000 1817 1034 1881 in

126 1919 313 2003 magistratu
351 1924 456 2000 erant,
495 1920 683 1983 auctoritate
720 1919 862 1983 anteibat
894 1940 1031 2004 eumque

127 2023 227 2105 magis
260 2022 377 2085 milites
409 2041 505 2105 quam
537 2022 591 2105 qui
622 2027 793 2106 praeerant
826 2021 1030 2105 aspiciebant.

127 2125 217 2199 Quae
245 2145 297 2188 res
326 2124 358 2189 ei
379 2123 549 2188 maturavit
572 2129 719 2188 mortem.
762 2123 848 2186 Nam
869 2124 946 2187 dum
966 2127 1031 2209 pri·
1054 2154 1067 2194 α

126 2252 196 2294 mus
240 2228 348 2294 studet
390 2234 520 2314 portum
561 2227 680 2293 intrare
718 2228 1029 2313 gubernatoremque

124 2333 212 2398 iubet
234 2353 273 2397 eo
298 2333 439 2417 dirigere
463 2352 589 2414 navem,
611 2329 680 2416 ipse
702 2330 763 2395 sibi
780 2331 933 2415 perniciei
955 2332 1029 2397 fuit:

122 2459 196 2501 oum
220 2437 306 2502 enim
329 2457 368 2502 eo
392 2440 608 2522 penetrasset,
641 2440 767 2509 ceterae
797 2454 862 2498 non
884 2441 957 2499 sunt
980 2457 1029 2501 se·

122 2547 225 2606 outae.
282 2540 352 2614 Quo
396 2540 479 2604 facto
522 2537 730 2603 circumfusus
768 2537 909 2602 hostium
954 2559 1029 2603 con-

122 2667 217 2709 cursu
259 2665 332 2708 eum
368 2643 539 2707 fortissime
577 2646 753 2726 pugnaret,
790 2641 879 2705 navis
924 2649 1028 2708 rostro

123 2768 274 2832 percussa
295 2747 402 2831 coepit
424 2745 540 2811 sidere.
584 2744 670 2809 Hinc
692 2744 841 2827 refugere
865 2766 937 2809 eum
955 2767 1029 2829 pos·
1052 2775 1065 2814 a

121 2854 181 2931 set,
204 2850 230 2913 si
252 2871 287 2914 se
309 2849 343 2912 in
364 2869 453 2914 mare
470 2847 649 2930 deiecisset,
674 2847 763 2932 quod
778 2847 907 2915 suberat
923 2850 1030 2912 elassis

122 2951 382 3036 Atheniensium,
418 2972 500 3037 quae
533 2935 698 3036 exciperet
728 2957 891 3034 natantes,
925 2953 1030 3035 perire

121 3054 235 3118 maluit
267 3075 362 3139 quam
396 3055 492 3119 armis
523 3055 655 3119 abiectis
686 3075 802 3119 navem
837 3055 1030 3139 relinquere,

120 3183 185 3247 qua
226 3163 330 3228 fuerat
366 3171 487 3229 vectus.
546 3162 586 3226 Id
626 3164 725 3227 ceteri
766 3161 871 3225 lacere
912 3161 1025 3225 nolus-

121 3275 210 3352 runt,
241 3268 295 3353 qui
325 3267 430 3332 nando
454 3267 488 3330 in
510 3272 615 3332 tutum
637 3273 864 3353 pervenerunt.
908 3267 955 3333 At
977 3269 1030 3334 ille

121 3376 284 3457 praestare
327 3371 495 3436 honestam
539 3378 677 3436 mortem
723 3373 908 3436 existimans
946 3374 1031 3457 turpi

175 3481 295 3520 cornelius
309 3481 389 3530 Nepos.
418 3480 458 3520 Ed.
472 3481 490 3519 3.
858 3481 873 3523 4
