2400 3848
203 221 238 276 75
490 218 536 258 xv.
555 217 769 258 arsuruounss.
789 219 808 258 a

202 369 261 431 fuit
282 369 315 431 in
338 368 466 431 musicis
487 369 591 452 gloria
613 389 708 453 quam
722 368 852 431 Damon
873 372 927 430 aut
940 367 1107 451 Lamprus,

202 493 336 556 quorum
352 472 540 556 pervulgata
560 477 632 534 sunt
647 471 786 552 nomina,
810 475 937 534 cantare
959 470 1044 532 tibiis
1067 469 1108 533 ab

168 594 180 631 2
204 575 451 660 Olympiodoro,
476 576 591 639 saltare
621 596 640 637 a
670 574 885 658 Calliphrone.
929 573 975 636 At
1001 572 1107 656 philo-

202 679 332 763 sophiae
356 684 599 763 praeceptorem
622 677 732 740 habuit
754 676 864 761 Lysim
887 675 1108 756 Tarentinum,

201 781 457 864 Pythagoreum:
492 782 542 845 cui
571 780 700 864 quidem
732 781 783 859 sicx
807 779 867 843 fuit
896 777 1040 859 deditus,
1072 783 1109 840 ut

202 885 389 949 adulescens
417 886 542 948 tristem
572 905 608 947 ac
640 905 787 947 severum
819 903 929 947 senem
961 879 1109 945 omnibus

203 988 387 1071 aequalibus
403 989 467 1050 suis
482 987 515 1050 in
526 986 739 1050 familiaritate
753 987 986 1069 anteposuerit3
1001 1003 1107 1067 neque

202 1090 290 1173 prius
319 1111 393 1153 eum
415 1110 434 1153 a
456 1110 489 1153 se
514 1088 632 1153 dimisit
654 1109 749 1174 quam
779 1090 813 1152 in
837 1089 988 1153 doctrinis
1017 1091 1107 1149 tanto

203 1193 374 1257 antecessit
396 1193 640 1277 condiscipulos,
663 1199 700 1256 ut
722 1193 814 1257 facile
837 1192 982 1276 intellegi
996 1196 1110 1276 posset

201 1295 389 1380 parimodo
406 1302 629 1380 superaturum
652 1316 763 1359 omnes
784 1297 819 1359 in
838 1295 952 1359 ceteris
975 1294 1108 1358 artibus.

169 1425 181 1464 e
201 1398 309 1482 Atque
333 1399 412 1463 haec
435 1399 476 1462 ad
491 1405 635 1463 nostram
650 1399 914 1465 consuetudinem
936 1404 1009 1462 sunt
1023 1397 1110 1462 levia

203 1507 236 1564 et
266 1502 373 1585 potius
405 1500 655 1565 contemnenda:
689 1508 721 1565 at
751 1501 784 1564 in
816 1501 967 1584 Graecia,
996 1501 1108 1586 utique

169 1605 296 1686 solim,
329 1624 463 1687 magnae
495 1604 584 1668 laudi
615 1611 714 1668 eraut.
758 1605 934 1688 Postquam
966 1604 1110 1689 ephebus

203 1714 252 1772 est
288 1708 389 1772 factus
425 1715 458 1772 et
494 1709 673 1792 palaestrae
712 1706 787 1773 dare
824 1729 955 1793 operam
992 1708 1110 1792 coepit,

202 1832 267 1875 non
296 1817 362 1875 tam
390 1812 603 1895 magnitudini
634 1811 750 1875 virium
772 1813 903 1877 servivit
925 1833 1021 1896 quam
1050 1832 1109 1876 ve·

202 1915 340 1978 locitati:
353 1915 457 2011 ,illam
487 1916 572 1979 enim
601 1914 641 1979 ad
665 1917 857 1979 athletarum
884 1938 994 1999 usum,
1025 1915 1110 1980 hanc

169 2018 244 2088 aad
274 2018 351 2082 belli
382 2019 585 2084 existimabat
614 2020 786 2102 pertinere.
830 2019 942 2103 Itaque
974 2040 1108 2084 exerce-

201 2121 295 2184 batur
324 2122 496 2205 plurimum
527 2120 684 2185 currendo
717 2127 750 2186 et
779 2121 931 2186 luctando
960 2122 1002 2203 ad
1033 2141 1110 2186 eum

202 2224 314 2306 finem,
344 2225 450 2308 quoad
472 2230 558 2288 stans
583 2226 753 2309 complecti
773 2231 884 2309 posset
912 2233 1008 2308 atque
1030 2245 1109 2288 con-

104 2357 106 2366 ν
202 2326 345 2391 tendere.
389 2327 428 2390 Iu
462 2329 556 2391 armis
589 2348 666 2392 vero
696 2328 869 2413 plurimum
904 2326 1001 2390 studii
1031 2348 1109 2391 con-

203 2430 359 2491 sumebat.

170 2562 182 2599 1
266 2530 328 2593 ΙΙΙ.
357 2529 411 2593 Ad
432 2530 514 2595 ha'nc
537 2533 679 2617 corporis
693 2524 874 2599 firmitatem
896 2535 989 2619 plura
1010 2534 1108 2598 etiam

203 2634 300 2698 animi
334 2635 421 2698 bona
451 2644 659 2700 accesserant.
703 2637 782 2701 Erat
813 2640 898 2703 enim
931 2637 1107 2718 modestus,

202 2738 351 2823 prudens,
374 2740 494 2823 gravis,
517 2741 714 2824 temporibus
736 2742 897 2825 sapienter
917 2746 1025 2821 utens,
1047 2761 1106 2824 pe-

85 2877 87 2882 ·
202 2842 280 2904 ritus
310 2841 402 2923 belli,
433 2842 523 2907 fortis
552 2865 664 2925 manu,
697 2844 802 2908 animo
834 2845 990 2926 maximo,
1022 2842 1107 2906 adeo

202 2945 345 3008 veritatis
368 2944 514 3028 diligens,
541 2950 639 3009 utne
661 2946 732 3009 ioco
756 2946 886 3031 quidem
908 2946 1105 3010 mentiretur.

170 3081 181 3120 2
202 3046 296 3111 Idem
318 3049 493 3130 continens,
517 3049 656 3113 clemens
678 3051 865 3134 patiensque
884 3048 1107 3114 admirandum

202 3151 235 3212 in
257 3151 398 3234 modum,
421 3173 486 3216 non
509 3153 613 3216 solum
634 3154 756 3237 populi,
785 3153 843 3218 sed
866 3155 963 3216 etiam
985 3154 1105 3218 amico-

201 3275 272 3319 rum
301 3255 406 3319 ferens
428 3257 574 3337 iniurias3
604 3257 637 3320 in
665 3257 775 3340 primis
797 3258 965 3320 commissa
988 3256 1104 3341 celans,

203 3356 288 3439 quod
320 3357 479 3421 interdum
501 3379 564 3422 non
588 3361 690 3423 minus
712 3358 845 3443 prodest
867 3380 962 3443 quam
986 3359 1104 3426 diserte
