2400 3848
424 257 470 296 xv.
489 256 704 298 arumnorum.
722 259 742 298 s.
999 263 1035 320 31

131 405 221 488 fecit,
251 406 310 470 sed
337 408 472 492 saepius.
517 406 659 472 Maxime
690 414 797 472 autem
824 409 884 472 fuit
904 409 1036 491 illustre,

132 530 205 572 oum
219 509 252 573 in
265 509 525 595 Peloponnesum
538 513 716 577 exercitum
729 513 873 577 duxisset
884 513 1037 578 adversus

130 612 405 679 Lacedaemonios
420 617 616 702 haberetque
633 618 773 701 collegas
789 616 879 698 duos,
903 638 1038 702 quorum

131 719 213 782 alter
236 725 305 783 erat
325 720 515 806 Pelopldas,
547 723 596 785 vir
618 722 709 785 fortis
732 743 769 785 ac
791 726 948 785 strenuus.
992 719 1038 784 Hi

132 843 205 886 oum
227 823 409 888 criminibus
425 825 680 890 adversariorum
698 846 808 889 omnes
830 826 864 888 in
885 825 1038 889 invidiam

130 927 294 991 venissent
330 929 370 993 ob
406 950 539 1014 eamque
576 951 646 994 rem
679 930 849 1015 imperium
881 930 920 992 iis
953 933 1037 993 esset

131 1032 320 1115 abrogatum
343 1039 438 1118 atque
467 1035 500 1097 in
532 1055 643 1098 eorum
664 1035 773 1098 locum
795 1033 848 1096 alii
871 1037 1037 1118 praetores

129 1137 366 1220 successissent,
380 1138 618 1222 Epaminondas
630 1140 740 1224 populi
756 1139 835 1203 scito
852 1159 918 1202 non
931 1138 1037 1223 paruit
1058 1159 1071 1198 r

129 1239 280 1323 idemque
296 1246 333 1303 ut
347 1242 499 1325 facerent,
522 1242 680 1327 persuasit
696 1242 829 1324 collegis
851 1247 884 1304 et
905 1241 1035 1322 bellum,

130 1341 218 1426 quod
233 1349 427 1428 susceperat,
450 1346 558 1429 gessit.
583 1345 736 1428 rNamque
752 1343 1036 1427 animadvertebat,

129 1445 189 1509 nisi
211 1445 245 1508 id
267 1447 411 1530 fecisset,
441 1453 546 1512 totum
575 1448 753 1512 exercitum
780 1452 913 1532 propter
942 1469 1035 1533 prae·

129 1554 235 1612 torum
257 1550 505 1634 imprudentiam
520 1551 740 1635 inscitiamque
755 1551 834 1615 belli
848 1552 1035 1636 periturum.

129 1651 202 1715 Lex
224 1657 292 1715 erat
313 1652 447 1732 Thebis,
479 1675 560 1738 quae
583 1660 687 1719 morte
710 1655 882 1738 multabat,
911 1657 938 1719 si
966 1656 1035 1741 quis
1058 1675 1071 1712 ⁶

128 1754 298 1839 imperium
328 1755 444 1819 diutius
467 1758 651 1823 retinuisset
673 1780 766 1842 quam
791 1760 864 1842 lege
887 1759 1034 1844 praefini-

129 1866 199 1924 tum
220 1859 313 1924 foret.
357 1859 451 1923 Hanc
466 1860 704 1945 Epaminondas
728 1882 800 1925 cum
822 1861 1034 1946 reipublicae

117 1965 367 2030 'conservandae
392 1985 487 2028 causa
507 1966 605 2028 latam
628 1965 768 2047 videret,
798 1965 839 2028 ad
861 1967 1036 2049 perniciem

130 2068 266 2132 civitatis
298 2067 443 2131 conferre
481 2068 584 2145 noluit
621 2073 653 2130 et
687 2072 836 2152 quattuor
873 2069 1035 2159 mensibus

131 2172 249 2237 diutius
277 2193 371 2257 quam
400 2172 538 2257 populus
566 2171 702 2234 iusserat
725 2171 824 2254 gessit
854 2171 1034 2254 imperium.

193 2275 287 2340 VIII.
316 2277 493 2360 Postquam
508 2275 639 2339 domum
653 2275 792 2340 reditum
808 2280 866 2357 est,
890 2276 1070 2360 collegae1

130 2381 197 2445 eius
219 2379 282 2443 hoc
306 2379 436 2442 crimine
456 2379 695 2446 accusabantur.
741 2377 862 2451 Quibus
884 2377 941 2443 ille
963 2400 1034 2463 per·

128 2485 224 2566 misit,
247 2490 283 2547 ut
306 2503 436 2547 omnem
451 2503 579 2546 causam
594 2482 676 2566 inse
692 2481 901 2545 transferrent
915 2503 1036 2567 suaque

131 2607 229 2671 opera
250 2586 369 2650 factum
392 2586 640 2666 contenderent,
669 2589 705 2647 ut
725 2586 793 2667 legi
814 2606 879 2649 non
903 2586 1036 2651 oboedi-

129 2696 210 2755 rent.
249 2689 321 2763 Qua
336 2689 522 2754 defensione
545 2690 607 2754 illis
623 2690 765 2774 periculo
781 2689 923 2753 liberatis
938 2711 1034 2754 nemo

129 2792 385 2875 Epaminondam
407 2812 635 2877 responsurum
658 2793 800 2876 putabat,
824 2793 926 2876 quod,
959 2791 1034 2877 quid

131 2895 262 2976 diceret,
284 2915 350 2958 non
372 2894 515 2959 haberet.
559 2895 606 2959 At
627 2895 682 2959 ille
706 2896 739 2959 in
761 2895 914 2958 iudicium
936 2896 1033 2976 venit,
1057 2912 1071 2952 a

129 2997 209 3060 nihil
231 3017 344 3061 corum
365 2998 505 3080 negavit,
532 3008 613 3082 qu'ae
636 2998 809 3063 adversarii
833 2999 956 3063 crimini
978 2998 1034 3061 da·

128 3100 215 3183 bant,
240 3100 418 3184 omniaque,
440 3121 521 3185 quae
539 3102 682 3185 collegae
700 3101 856 3182 dlxerant,
873 3100 1034 3165 confessus

130 3207 179 3266 est
208 3223 313 3287 neque
345 3204 522 3283 recusavit,
555 3224 617 3287 quo
650 3203 753 3266 minus
785 3205 865 3287 legis
896 3225 1036 3287 poenam

129 3306 266 3389 subiret,
290 3305 468 3370 sedunum
491 3306 530 3369 ab
552 3306 591 3368 iis
613 3306 742 3390 petIvit,
775 3310 810 3368 ut
832 3306 865 3368 in
887 3308 1034 3390 sepulcro

129 3427 186 3470 suo
210 3409 434 3472 inscriberent:
460 3406 707 3492 ,Epaminondas
723 3408 914 3472 aThebanis
930 3415 1034 3472 morte
1056 3437 1080 3484 a„

817 3514 832 3560 5
839 3509 855 3542 ἦ
863 3509 878 3542 il
