2400 3848
167 249 203 306 3ss
472 247 521 286 vm
540 242 718 288 samaraeus.
747 252 766 289 e.

165 404 307 481 pontum,
338 399 454 461 multas
483 402 652 481 praeterea
678 398 774 461 urbes
798 398 952 481 Graecas,
982 419 1062 484 quae

165 502 198 565 in
229 522 285 564 ora
315 501 393 564 sitae
426 505 498 563 sunt
527 498 644 583 Asiae,
680 521 813 586 quarum
843 507 1063 587 expugnarant

166 605 355 689 complures,
386 603 420 666 in
441 603 490 666 his
511 602 708 688 Byzantium,
732 626 835 691 neque
857 607 960 669 minus
981 606 1062 670 mul·

164 713 212 772 tas
236 708 366 772 consilio
397 707 438 771 ad
466 709 637 774 amicitiam
659 708 886 794 adiunxerant,
916 709 1002 797 quod
1029 711 1064 774 in

129 831 141 868 r
165 816 274 895 captos
296 811 467 875 clementia
486 811 612 875 fuerant
632 813 690 878 usi.
734 813 787 877 Ita
806 813 928 898 praeda
949 815 1062 897 onusti,

164 914 359 998 locupletato
384 915 536 996 exercitu,
559 915 706 978 maximis
728 916 822 979 rebus
841 917 940 998 gestis
960 915 1062 980 Athe-

164 1038 221 1080 nas
243 1022 409 1082 venerunt.

131 1148 142 1185 1
228 1120 286 1187 Vl.
316 1122 377 1185 His
405 1144 477 1187 cum
508 1123 613 1187 obiam
640 1124 789 1189 universa
816 1124 926 1188 civitas
954 1125 988 1187 in
1009 1125 1064 1188 Pi·

165 1246 274 1290 raeum
291 1226 517 1309 descendisset,
532 1232 621 1290 tanta
635 1226 695 1290 fuit
710 1227 850 1291 omnium
865 1228 1063 1312 exspectatio

164 1329 288 1394 visendi
309 1329 500 1412 Alcibiadis,
529 1336 565 1393 ut
594 1329 636 1392 ad
664 1331 732 1394 eius
759 1331 925 1395 triremem
949 1331 1064 1413 vulgus

131 1434 354 1516 aconflueret,
385 1432 519 1518 proinde
549 1454 586 1498 ac
614 1434 641 1496 si
669 1434 754 1497 solus
777 1433 969 1499 advenisset.
1013 1432 1065 1496 Sic

165 1536 251 1600 enim
272 1535 392 1620 populo
424 1541 492 1598 erat
520 1556 706 1620 persuasum
735 1542 768 1599 et
789 1535 939 1601 adversas
969 1556 1064 1620 supe-

164 1640 265 1703 riores
294 1645 327 1703 et
348 1645 534 1724 praesentes
556 1639 711 1704 secundas
740 1661 792 1703 res
814 1637 965 1703 accidisse
997 1639 1065 1702 eius

166 1762 273 1827 opera.
316 1741 429 1827 Itaque
459 1749 492 1806 et
514 1742 638 1808 Siciliae
668 1743 817 1807 amissum
848 1749 880 1806 et
900 1740 1064 1806 Lacedae·

164 1847 343 1910 moniorum
360 1846 508 1910 victorias
531 1847 642 1933 culpae
665 1867 741 1910 suae
763 1846 953 1928 tribuebant,
977 1843 1063 1930 quod

164 1951 262 2014 talem
292 1951 395 2014 virum
427 1972 444 2014 e
478 1951 604 2015 civitate
636 1950 840 2034 expulissent.
884 1948 998 2033 Neque
1029 1946 1063 2009 id

163 2053 230 2117 sine
261 2073 356 2116 causa
385 2053 529 2118 arbitrari
557 2053 760 2118 videbantur:
792 2075 866 2117 nam
893 2058 1062 2138 postquam

165 2156 319 2219 exercitui
347 2177 494 2243 praeesse
518 2165 684 2244 coeperat,
712 2178 815 2244 neque
845 2163 930 2221 terra
956 2177 1061 2240 neque

127 2288 142 2327 a
162 2260 242 2322 mari
263 2259 373 2324 hostes
387 2281 481 2345 pares
498 2282 567 2325 esse
582 2265 762 2347 potuerant.
806 2259 870 2324 Hic
890 2264 927 2323 ut
948 2280 967 2323 e
989 2259 1063 2323 navi

163 2383 309 2445 egressus
333 2369 391 2445 est,
420 2384 611 2448 quamquam
632 2364 847 2428 Theramenes
869 2366 904 2425 et
924 2360 1062 2446 Thrasy-

162 2465 254 2529 bulus
283 2465 405 2529 eisdem
432 2467 527 2530 rebus
554 2468 757 2552 praefuerant
784 2467 941 2551 simulque
963 2485 1061 2531 vene-

162 2574 233 2631 rant
254 2569 288 2632 in
308 2568 467 2653 Piraeum,
493 2575 601 2635 tamen
622 2571 832 2635 unum‘illum
854 2589 965 2634 omnes
986 2587 1062 2652 pro·

162 2672 377 2757 sequebantur
409 2677 456 2752 et,
490 2673 525 2736 id
558 2673 645 2759 quod
677 2695 847 2759 numquam
878 2678 974 2736 antea
1002 2679 1080 2736 usu'

161 2782 293 2840 venerat
314 2777 374 2840 nisi
398 2777 565 2864 Olympiae
587 2778 769 2859 victoribus,
796 2775 922 2840 coronis
943 2774 1062 2840 laureis

161 2881 335 2966 taeniisque
362 2868 464 2965 *vulgo
497 2881 683 2947 donabatur.
727 2881 788 2944 Ille
816 2879 985 2967 lacrimans
1013 2882 1061 2940 ta·
1105 2936 1108 2941 .

160 2984 226 3047 lem
247 2984 495 3049 benivolentiam
518 2984 633 3048 civium
648 3005 778 3048 suorum
796 2981 987 3066 accipiebat3
1009 3000 1061 3043 rc-

127 3087 282 3160 4minisci
303 3088 427 3172 pristini
450 3087 603 3172 temporis
625 3087 840 3151 acerbitatem.
885 3083 1059 3169 Postquam

160 3189 193 3252 in
215 3195 284 3253 astu
306 3191 409 3272 venit,
434 3191 583 3254 contione
606 3189 761 3254 advocata
788 3189 954 3272 sieverba
974 3189 1060 3270 fecit,

159 3296 196 3354 ut
216 3312 311 3355 nemo
334 3299 400 3355 tam
416 3292 510 3356 ferus'
523 3293 629 3375 fuerit,
656 3293 732 3377 quin
753 3294 821 3357 eius
836 3293 923 3357 casui
944 3291 1060 3355 illacri-

160 3396 252 3458 marit
267 3396 491 3481 inimicumque
507 3394 544 3460 iis
560 3417 594 3460 se
611 3394 795 3477 ostenderit,
811 3415 948 3480 quorum
962 3414 1062 3478 opera
