2400 3848
437 235 519 275 xxm.
537 233 695 274 mauman.
714 233 734 273 e.
983 233 1056 292 125⁴

130 384 206 450 Huc
228 390 264 449 ut
284 384 396 468 rediit,
424 405 484 450 rex
505 384 607 448 factus
631 388 694 466 est,
717 387 888 468 postquam
910 386 1040 466 praetor
1165 376 1170 381 ’

131 489 253 572 fuerat,
276 510 358 553 anno
382 488 523 554 secundo
550 493 583 553 et
604 487 773 552 vicesimo:
805 491 841 549 ut
864 485 948 550 enim
970 483 1038 548 Ro·
1073 479 1128 565 μ

131 613 204 658 mae
240 593 403 675 consules,
447 591 493 656 sic
531 589 724 674 Carthagine
760 589 929 673 quotannis
973 586 1039 651 bini

131 716 225 780 reges
258 696 455 761 creabantur.
499 693 539 758 In
573 715 612 759 eo
647 693 835 777 magistratu
866 692 937 777 pari
968 691 1073 754 dili-s

131 800 242 884 gentio
263 821 297 864 se
320 799 484 864 Hannibal
512 799 660 884 praebuit
691 819 728 862 ac
756 799 860 863 fuerat
886 798 920 862 in
941 796 1037 862 bello.

131 904 279 989 Namque
304 903 421 986 effecit,
445 923 487 968 ex
508 904 600 967 novis
615 903 825 986 vectigalibus
847 922 912 966 non
935 900 1039 964 solum

131 1012 169 1072 ut
203 1012 288 1073 osset
324 1007 479 1092 pecunia,
517 1027 599 1091 quae
636 1006 791 1071 Romanis
829 1028 872 1071 ex
906 1005 1038 1070 foedere

131 1110 344 1196 penderetur,
367 1111 426 1175 sed
449 1111 547 1176 etiam
569 1115 761 1196 superesset,
788 1130 870 1195 quae
893 1110 927 1173 in
949 1129 1038 1173 aera·

131 1215 179 1280 rio
202 1220 421 1300 reponeretur.
465 1212 593 1279 Deinde
624 1234 707 1278 anno
737 1219 812 1299 post
833 1214 877 1285 Μ.
903 1211 1072 1276 Claudios

131 1317 170 1382 L.
198 1317 296 1383 Furio
329 1318 513 1384 consulibus
544 1317 652 1382 Roma
680 1318 780 1402 legati
812 1317 1060 1400 Carthaginem,

131 1426 299 1486 venerunt.
343 1422 415 1486 Hos
446 1421 609 1485 Hannibal
638 1427 726 1484 ratus
757 1421 806 1484 sui
842 1418 1038 1505 exposcendi

131 1526 235 1610 gratia
266 1526 405 1608 missos,
440 1526 627 1611 priusquam
662 1526 701 1590 iis
734 1531 863 1590 senatus
901 1523 1037 1605 daretur,

131 1650 248 1694 navem
277 1631 421 1695 ascendit
451 1632 534 1695 clam
565 1636 660 1716 atque
689 1632 723 1694 in
752 1630 877 1716 Syriam
906 1629 948 1693 ad
969 1628 1036 1693 An·

130 1733 270 1797 tidchum
299 1735 451 1818 profugit.
496 1734 568 1798 Hac
605 1757 640 1800 re
677 1737 782 1820 palam
819 1736 903 1800 facta
934 1733 1072 1799 Poenir

131 1857 230 1901 naves
253 1836 341 1920 duas,
365 1857 446 1922 quae
470 1859 544 1902 eum
568 1840 888 1923 comprehenderent,
914 1839 941 1901 si
962 1859 1036 1922 pos·

132 1945 205 2004 sent
226 1941 396 2025 consequi,
427 1941 599 2025 miserunt,
627 1943 714 2007 bona
736 1944 805 2006 eius
825 1941 1036 2028 publicarunt,

132 2041 265 2108 domum
280 2064 300 2106 a
313 2042 529 2107 fundamentis
547 2043 748 2127 disiecerimt,
771 2045 876 2128 ipsum
892 2044 1037 2107 exsulem

131 2145 322 2211 iudicarunt.

195 2249 289 2314 VIII.
321 2250 367 2316 At
397 2252 561 2316 Hannibal
598 2272 680 2315 anno
719 2252 831 2334 tertio,
867 2256 1071 2335 postquami

132 2353 230 2418 domo
253 2355 457 2440 profugerat,
484 2356 522 2421 L.
547 2356 697 2420 Cornelio
729 2355 767 2429 Q.
790 2354 930 2420 Minucio
962 2374 1036 2418 con-

130 2457 252 2521 sulibus
274 2478 348 2521 cum
371 2459 510 2545 quinque
533 2460 667 2524 navibus
688 2458 831 2523 Africam
854 2459 987 2523 accessit
1005 2459 1038 2522 in

130 2559 246 2628 finibus
270 2559 520 2646 Cyrenaeorum,
543 2564 570 2626 si
591 2564 674 2629 forte
694 2563 974 2647 Carthaginienses
997 2562 1038 2626 ad

130 2663 253 2729 bellum
274 2664 481 2731 incitarentur
502 2665 655 2730 Antiochi
684 2687 741 2750 spe
761 2666 957 2751 fiduciaque,
986 2665 1038 2728 cui

130 2766 196 2830 iam
217 2773 435 2851 persuaserat,
467 2775 503 2832 ut
534 2788 607 2833 cum
629 2769 823 2834 exercitibus
850 2770 883 2834 in
911 2768 1038 2833 Italiam

130 2869 394 2954 proficisceretur.
438 2872 513 2936 Huc
543 2872 717 2956 Magonem
747 2872 879 2936 fratrem
908 2872 1036 2936 excivit.

130 2971 172 3036 Id
193 2974 249 3038 ubi
270 2973 374 3040 Poeni
396 2978 602 3060 resciverunt,
631 2977 805 3060 Magonem
827 2975 952 3058 eadem,
975 2996 1072 3061 qua,

130 3076 272 3157 fratrem,
295 3079 461 3144 absentem
479 3080 667 3147 adfecerunt
687 3101 802 3166 poena.
846 3080 900 3145 Illi
922 3081 1036 3166 despe-

130 3181 208 3245 ratis
229 3182 326 3245 rebus
355 3203 429 3246 cum
451 3184 621 3249 solvissent
648 3204 746 3248 naves
775 3204 812 3248 ao
840 3185 913 3248 vela
934 3185 1037 3250 ventis

131 3283 306 3368 dedissent,
328 3287 490 3351 Hannibal
513 3288 555 3351 ad
576 3286 773 3352 Antiochum
794 3288 951 3372 pervenit.
984 3288 1035 3353 De

130 3386 278 3472 Magonis
309 3389 440 3456 interitu
472 3390 593 3476 duplex
624 3391 779 3457 memoria
809 3392 938 3476 prodita
970 3398 1034 3457 est:
