2400 3848
170 261 223 316 106
471 258 553 298 XVIII.
573 257 715 299 EUMENES.
735 259 766 298 18.

130 385 135 395 ’
166 426 229 488 qua
250 405 364 469 seditio
389 406 548 468 exercitus
573 411 733 488 oreretur,
762 405 864 469 vetuit
879 426 1073 490 quemquam

166 507 208 569 ad
232 530 305 572 eum
328 508 453 573 admitti
483 514 516 572 et
545 509 740 573 cotidianum
762 509 882 573 victum
912 510 1072 574 removeri

166 613 271 676 iussit:
305 634 379 676 nam
412 612 550 695 negabat
581 634 615 676 se
647 613 678 676 ei
707 613 772 676 vim
804 613 988 696 allaturum,
1021 614 1073 678 oui

131 735 145 772 s
167 715 336 799 aliquando
352 716 464 779 fuisset
482 715 610 779 amicus.
647 715 710 779 Hic
725 721 833 782 tamen
855 738 921 781 non
936 717 1072 801 amplius

167 839 262 902 quam
285 818 426 882 triduum
454 820 537 885 fame
568 821 735 903 fatigatus,
769 841 841 884 cum
870 826 973 884 castra
1001 839 1071 884 mo·

166 928 332 1003 verentur,
377 922 531 987 insciente
567 924 731 1008 Antigono
770 925 928 1007 iugulatus
966 930 1016 988 est
1051 945 1071 987 a

168 1025 361 1089 custodibus.

133 1153 143 1190 1
232 1129 326 1193 XIII.
371 1129 423 1194 Sic
467 1131 628 1195 Eumenes
666 1151 821 1194 annorum
863 1131 1000 1215 quinque
1039 1135 1073 1193 et

168 1235 392 1318 quadraginta,
425 1256 497 1298 oum
529 1233 568 1296 ab
592 1255 674 1298 anno
697 1235 866 1316 vicesimo,
898 1235 944 1297 uti
975 1254 1072 1318 supra

169 1337 380 1420 ostendimus,
410 1343 534 1421 septem
565 1357 664 1401 annos
684 1337 833 1421 Philippo
864 1338 1071 1421 apparuisset,

166 1442 321 1506 tredecim
352 1441 438 1525 apud
459 1440 682 1531 Alexandrum
705 1440 845 1504 eundem
875 1440 980 1502 locum
1014 1439 1070 1502 ob·

166 1545 328 1625 tinuisset,
356 1545 389 1606 in
419 1544 468 1607 his
491 1565 590 1606 unum
614 1543 756 1626 equitnm
778 1544 847 1605 alae
870 1542 1070 1627 praefuisset,

168 1654 239 1731 post
268 1654 375 1711 autem
405 1646 585 1711 Alexandri
606 1646 715 1729 Magni
737 1651 875 1709 mortem
896 1647 1071 1728 imperator

167 1751 325 1815 exercitus
349 1750 493 1814 duxisset
515 1769 718 1832 summosque
749 1749 846 1812 duces
874 1749 990 1832 partim
1018 1770 1070 1812 rc·

165 1854 299 1936 pulisset
329 1854 445 1937 partim
476 1853 703 1935 interfecisset,
738 1859 846 1936 captus
877 1873 942 1916 non
976 1851 1071 1916 Anti-

166 1957 243 2040 goni
277 1958 411 2038 rirtute,
450 1955 509 2021 sed
545 1955 759 2020 Macedonum
793 1956 932 2040 periurio
972 1957 1071 2019 talem

129 2060 276 2126 ahabuit
307 2062 429 2126 exitum
459 2061 554 2126 vitae.
598 2061 649 2124 De
681 2081 742 2145 quo
775 2068 893 2144 quanta
927 2062 1069 2126 omnium

165 2165 260 2229 fuerit
290 2166 397 2250 opinio
423 2185 551 2245 eorum,
579 2165 634 2248 qui
658 2170 732 2248 post
752 2162 976 2227 Alexandrum
998 2165 1068 2228 Ma·

164 2288 261 2350 gnum
284 2288 378 2352 reges
401 2273 474 2331 sunt
489 2267 651 2351 appellati,
675 2286 716 2330 ex
738 2265 800 2329 hoc
821 2266 972 2329 facillime
996 2272 1068 2350 pot·

166 2377 215 2433 est
242 2368 390 2452 indicari,
422 2369 523 2454 quod,
550 2389 685 2454 quorum
706 2389 801 2433 nemo
826 2369 971 2432 Eumene
993 2370 1068 2436 viro

128 2493 224 2536 arex
252 2472 429 2556 appellatus
457 2477 521 2554 est,
549 2471 606 2536 sed
635 2470 832 2555 praefectus,
861 2471 967 2534 eidem
995 2477 1069 2554 post

164 2574 258 2638 huius
287 2595 434 2637 occasum
463 2575 570 2638 statim
600 2574 725 2657 regium
758 2579 904 2638 ornatum
934 2594 1068 2639 nomen-

166 2699 227 2763 que
263 2683 466 2761 sumpserunt
498 2697 620 2761 neque,
657 2674 743 2758 quod
780 2676 869 2739 initio
903 2674 1068 2759 praedica·

163 2787 243 2864 rant,
267 2802 301 2846 se
323 2780 503 2846 Alexandri
524 2779 633 2843 liberis
655 2799 789 2860 regnum
812 2799 950 2859 servare,
974 2799 1067 2862 prae·

164 2893 247 2950 stare
278 2886 465 2966 voluerunt,
493 2882 635 2946 seduno
668 2887 908 2966 propugnatore
931 2881 1067 2963 sublato,

165 2990 241 3073 quid
263 2990 427 3068 sentirent,
451 2992 655 3071 aperuerunt.
700 2985 806 3048 Huius
829 2985 958 3049 sceleris
980 2985 1066 3068 prin·

164 3095 250 3178 cipes
280 3093 408 3156 fuerunt
429 3092 629 3175 Antigonus,
651 3088 876 3168 Ptolemaeus,
903 3085 1066 3167 Seleucus,

126 3197 387 3280 4Lysimaohus,
415 3193 604 3259 Cassander.
648 3192 831 3276 Antigonus
862 3195 969 3252 autem
1000 3187 1066 3251 Eu·

164 3320 291 3363 merem
325 3304 488 3363 mortuum
521 3294 707 3381 propinquis
741 3294 809 3357 eius
844 3289 1067 3376 sepeliendum

90 3453 91 3456 ,
162 3401 303 3466 tradidit.
348 3403 393 3466 Hi
424 3401 553 3465 militari
584 3401 784 3482 honestoque
813 3397 930 3461 'funere
968 3393 1066 3458 comi·
