2400 3848
507 243 532 282 x.
552 244 629 284 mou.
650 247 668 284 1.
1000 247 1036 303 49

131 391 259 458 mittere
287 392 373 459 velle
402 416 520 479 magna
551 395 590 461 de
619 419 665 462 re.
709 397 814 460 Huius
836 397 947 461 nuntio
979 417 1035 480 pa-

130 513 204 558 rens
235 515 309 559 oum
337 497 494 582 venisset,
526 499 560 563 in
588 499 692 564 vinela
720 500 882 564 oonieotus
910 499 974 582 est,
1003 500 1036 562 in

131 597 245 680 quibus
275 599 469 684 aliquamdiu
500 601 568 666 fuit.
613 601 694 667 Inde
722 603 867 666 nonnulli
898 622 973 666 eum
995 601 1070 664 ads
1138 686 1139 691 γ

131 719 243 784 regem
276 701 449 766 abductum
482 704 589 789 ibique
622 706 744 789 perisse
777 706 929 790 scriptum
961 705 1036 771 reli-

131 814 278 890 querunt.
325 806 444 873 Contra
466 807 575 872 Dinon
597 805 783 889 historicus,
811 809 862 872 oui
883 830 942 874 nos
965 813 1037 896 plu·

130 911 247 975 rimum
263 910 304 975 de
317 910 454 974 Persicis
470 909 566 974 rebus
583 911 752 993 oredimus,
770 911 921 994 effugisse
937 915 1035 999 scrip-

131 1015 188 1079 sit:
218 1013 298 1078 illud
327 1014 510 1095 addubitat,
541 1019 648 1078 utrum
670 1014 817 1080 Tiribazo
848 1017 968 1082 sciente
996 1040 1037 1082 an

132 1117 337 1201 imprudente
360 1119 400 1182 sit
422 1117 551 1180 iactum.

567 1353 610 1417 X.

508 1492 666 1567 DION.

199 1648 226 1712 I.
256 1649 380 1732 Dion,
412 1649 634 1734 Hipparini
662 1648 795 1730 filius,
827 1647 1073 1747 Syracusa-1

134 1775 223 1835 nus,
254 1753 355 1816 nobili
388 1773 508 1836 genere
542 1757 652 1832 natus,
690 1757 824 1835 utraque
862 1751 1041 1834 implicatus

134 1855 304 1940 tyrannide
336 1855 576 1940 Dionysiorum.
630 1855 776 1939 Namque
807 1855 861 1918 ille
897 1854 1042 1938 superior

135 1957 400 2040 Aristomachen,
423 1979 570 2023 sororem
591 1959 721 2042 Dionis,
743 1958 857 2022 habuit
876 1959 910 2020 in
932 1958 1040 2020 matri-

135 2061 260 2144 monio,
291 2082 333 2125 ex
356 2082 419 2145 qua
441 2060 523 2125 duos
544 2062 641 2144 filios,
673 2061 888 2145 Hipparinum
918 2065 950 2124 11
971 2060 1039 2144 Ny-

135 2184 262 2246 saeum,
284 2164 465 2247 procreavit
487 2163 685 2248 totidemque
709 2163 804 2245 filias,
827 2163 956 2225 nomine
980 2161 1039 2226 So-

133 2267 317 2351 phrosynen
340 2272 373 2331 et
394 2265 533 2350 Areten,
563 2287 696 2352 quarum
717 2267 859 2349 priorem
880 2264 1037 2350 Dionysio

133 2368 214 2452 filio,
238 2369 361 2451 eidem,
385 2370 437 2433 cui
458 2390 594 2453 regnum
615 2369 758 2452 reliquit,
782 2372 916 2452 nuptum
940 2367 1037 2453 dedit,

133 2471 286 2555 alteram,
318 2470 460 2555 Areten,
497 2472 606 2536 Dioni.
651 2472 739 2535 Dion
770 2477 878 2535 autem
911 2479 1074 2556 praetera

131 2575 274 2639 nobilem
302 2576 576 2661 propinquitatem
598 2595 852 2659 generosamque
882 2576 1038 2638 maiorum

132 2676 250 2741 famam
272 2680 372 2743 multa
394 2679 457 2743 alia
478 2680 517 2743 ab
543 2683 657 2742 natura
677 2676 788 2740 habuit
810 2678 912 2761 bona,
935 2680 967 2741 in
989 2679 1038 2742 his

133 2780 297 2863 ingenium
321 2780 435 2864 docile,
461 2802 563 2863 come,
588 2786 698 2865 aptum
720 2780 762 2843 ad
785 2785 869 2844 artes
890 2782 1037 2864 optimas,

132 2903 282 2965 magnam
298 2885 440 2968 eorporis
458 2883 656 2967 dignitatem,
680 2903 762 2967 quae
785 2904 851 2946 non
872 2883 1037 2946 minimum

132 2984 353 3067 commendat,
385 3009 517 3071 magnas
547 2994 716 3073 praeterea
745 2987 870 3051 divitias
901 3007 920 3049 1
946 2991 1037 3069 patre

52 3135 55 3141 .
133 3087 275 3169 relictas,
309 3108 387 3171 quas
417 3089 486 3173 ipse
518 3091 646 3174 tyranni
677 3088 862 3152 muneribus
893 3095 1035 3155 auxerat.

131 3190 210 3254 Erat
232 3191 363 3254 intimus
384 3191 541 3277 Dionysio
565 3193 664 3278 priori
686 3214 790 3277 neque
814 3193 917 3256 minus
939 3213 1035 3277 prop·
1057 3221 1070 3259 1

131 3299 181 3358 111
208 3314 315 3358 mores
339 3314 435 3379 quam
457 3296 663 3363 adfinitatem.
708 3297 855 3381 Namque
879 3296 1035 3360 11111111-

130 3396 214 3481 nysii
249 3396 421 3462 erudelitas
459 3400 489 3464 ei
527 3399 732 3485 displicebat,
770 3404 878 3463 tamen
914 3400 1035 3462 salvum
