2400 3848
161 227 217 284 150
481 224 547 264 xxv.
567 223 694 263 srurcus.
714 224 745 263 ιι.

160 372 269 453 batur,
302 371 384 436 adeo
415 378 452 435 ut
474 377 621 436 accurate
653 372 706 435 ille
740 392 782 436 ex
812 371 932 435 ultimis
963 372 1069 454 terris,

162 476 239 560 quid
261 482 384 559 egeret,
414 497 508 541 curae
532 476 592 540 sibi
614 476 748 539 haberet
771 476 941 540 certiorem
963 475 1070 540 facere

128 578 316 655 ,Atticum
360 578 435 642 Hoc
464 581 557 664 quale
585 580 640 661 sit,
669 578 792 643 facilius
816 578 1011 641 existimabit
1033 579 1071 660 is,

163 683 218 767 qui
239 681 380 745 iudicare
396 684 525 766 poterit,
550 689 686 767 quantae
709 683 750 746 sit
765 683 939 766 sapientiae
958 702 1071 746 eorum

163 786 303 850 retinere
326 806 419 848 usum
440 785 764 870 benivolentiamque,
795 787 879 850 inter
901 806 981 870 quos
1003 807 1072 850 ma-

163 888 323 952 ximarum
352 907 460 951 rerum
482 910 549 952 non
571 890 675 953 solum
705 888 894 970 aemulati0,
924 888 983 953 sed
1015 890 1072 954 ob-

165 991 312 1056 trectatio
329 996 419 1054 tanta
432 991 662 1072 intercedebat,
686 997 836 1075 quantam
858 992 918 1055 fuit
939 1012 1072 1057 necesso

164 1096 249 1159 inter
265 1087 438 1158 Caesarem
461 1100 557 1178 atque
572 1093 761 1176 Antonium,
785 1116 857 1159 oum
880 1115 915 1160 se
936 1101 1072 1180 uterque

166 1199 342 1284 principem
373 1218 439 1261 non
471 1199 574 1261 solum
605 1198 692 1262 urbis
723 1198 865 1282 Romae,
898 1197 956 1262 sed
989 1200 1075 1266 orbis

166 1309 324 1370 terrarum
347 1323 417 1367 esse
441 1308 581 1387 cuperet.

134 1438 145 1478 1
229 1403 323 1469 XXI
352 1404 424 1468 Tali
444 1405 541 1468 modo
567 1427 640 1469 cum
670 1411 741 1489 sept
743 1411 851 1470 emet
873 1347 1075 1492 septdaginta

168 1530 267 1574 annos
284 1508 475 1593 complesset
498 1516 592 1593 atque
616 1510 657 1572 ad
680 1517 735 1574 ext
736 1532 857 1574 remam
876 1518 1074 1577 senectutem

167 1633 234 1677 non
256 1612 360 1675 minus
383 1612 538 1694 dignitate
558 1634 653 1698 quam
675 1615 777 1697 gratia
792 1615 981 1701 fortunaque
1006 1637 1075 1682 cre-

168 1717 267 1780 visset
284 1714 412 1795 (multas
429 1717 514 1780 enim
529 1716 726 1782 hereditates
745 1718 833 1782 nulla
848 1719 910 1783 alia
930 1741 1075 1806 requam

167 1821 310 1886 bonitate
340 1822 544 1903 consecutus)
573 1830 724 1905 tantaque
753 1825 966 1907 prosperitate
994 1844 1071 1888 usus

171 1933 257 1994 esset
277 1927 546 2008 valetudinis,ut
509 1926 657 1990 uannis
678 1927 809 2009 triginta
830 1927 991 1991 medicina
1011 1948 1076 1993 non

138 2032 377 2115 2indiguisset,
348 2033 519 2093 tnactus
550 2034 599 2093 est
621 2029 784 2111 morbum,
813 2051 909 2114 quem
930 2031 1021 2094 initio
1045 2037 1078 2096 et

171 2137 240 2222 ipse
263 2141 296 2199 et
317 2133 434 2198 medici
450 2138 726 2217 contempserunt:
749 2153 824 2195 nam
839 2138 992 2216 putarunt
1006 2154 1077 2199 csse

171 2245 350 2319 tenesmon,
374 2237 424 2300 cui
438 2235 582 2300 remedia
596 2236 714 2299 celeria
728 2234 895 2319 faciliaque
915 2252 1076 2319 propone-

139 2343 296 2414 sbantur.
340 2339 380 2404 In
407 2339 469 2402 hoc
501 2360 573 2402 cum
595 2344 660 2402 tres
683 2359 810 2403 menses
832 2338 900 2402 sine
923 2338 995 2401 ullis
1019 2337 1077 2403 do·

172 2445 304 2525 loribus,
326 2447 552 2526 praeterquam
575 2462 654 2526 quos
677 2462 720 2505 ex
742 2441 905 2504 curatione
922 2441 1078 2526 capiebat,

174 2546 439 2630 consumpsisset,
410 2544 572 2608 tsubito
621 2544 770 2608 antavis
792 2544 933 2606 morbi
923 2546 1079 2610 mimum

173 2649 278 2714 intest
270 2670 358 2712 mum
394 2648 555 2731 prorupi,
592 2652 857 2711 utextremot
859 2668 989 2732 empore
1020 2670 1079 2734 per

141 2794 154 2831 4
174 2753 366 2817 lumbost
315 2751 366 2814 fist
367 2751 438 2815 ulae
461 2752 549 2834 puris
565 2753 737 2834 eruperint.
715 2751 814 2814 tAt
801 2757 876 2836 tque
899 2752 961 2816 hoc
974 2755 1079 2838 prius·

176 2878 271 2943 quam
302 2856 333 2919 ei
363 2854 537 2936 accideret,
574 2861 745 2938 postquam
777 2856 810 2918 in
845 2855 912 2920 dies
950 2855 1080 2922 dolores

176 2979 357 3025 accrescere
380 2958 548 3042 febresque
572 2958 741 3021 accessisse
765 2959 877 3039 sensit,
900 2956 1080 3044 Agrippam

176 3085 332 3148 generum
354 3061 395 3124 ad
417 3082 452 3126 se
475 3061 593 3125 accersi
616 3061 706 3123 iussit
729 3066 761 3124 et
785 3081 858 3123 cum
879 3080 919 3124 ec
942 3060 979 3124 L.
1000 3061 1079 3125 Ocr-

143 3169 296 3242 ⁵nelium
320 3166 457 3229 Balbum
480 3165 677 3248 Sextumque
699 3162 915 3228 Peducaeum.
951 3163 1081 3234 Hosut

176 3271 300 3334 venisse
331 3269 427 3350 vidit,
456 3269 489 3331 in
520 3267 661 3330 cubitum
684 3266 811 3329 innixus
840 3264 1009 3349 ,quantam‘
1032 3269 1080 3331 in·

178 3375 246 3459 quit
283 3393 401 3455 ,curam
433 3370 692 3454 diligentiamque
726 3370 760 3432 in
791 3369 975 3434 valetudine
1008 3390 1082 3434 mea
