2400 3848
462 231 528 271 xxv.
548 226 674 272 ruricus.
695 232 713 270 s.
984 225 1040 281 139

137 392 185 451 tas
214 407 250 450 se
281 386 322 449 ad
351 407 408 450 eos
440 386 651 470 convertisse,
684 382 729 450 sic
758 388 803 452 M.
832 386 933 449 Bruto
968 406 1075 448 ususa

137 498 200 572 est,
230 496 266 553 ut
293 491 381 554 nullo
410 490 466 556 ille
495 489 684 554 adulescens
706 491 832 574 aequali
856 489 1040 553 familiarius

136 614 232 678 quam
268 595 330 657 hoc
368 615 445 659 sene
480 614 587 678 neque
621 594 726 659 solum
757 614 831 658 eum
863 592 1040 677 principem

136 696 261 760 consilii
291 696 442 779 haberet,
479 697 538 761 sed
571 697 668 760 etiam
699 698 733 760 in
765 696 921 760 convictu.
954 694 1074 758 'Ex-a

136 800 312 882 cogitatum
342 805 391 863 eet
421 823 439 864 a
469 800 675 884 quibusdam,
704 805 740 863 ut
768 799 927 882 privatum
950 817 1038 861 aera·
1077 802 1081 815 '

135 905 216 966 rium
248 903 394 968 Caesaris
425 904 682 969 interfectoribus
715 903 754 966 ab
786 902 945 985 equitibus
973 901 1039 964 Ro-

134 1007 237 1071 manis
260 1007 516 1071 constitueretur.
556 1008 596 1071 Id
619 1007 713 1071 facile
736 1007 819 1072 effici
840 1026 934 1090 posse
958 1005 1039 1069 arbi-

135 1111 209 1175 trati
241 1116 333 1194 sunt,
370 1112 397 1175 ei
434 1112 594 1196 principes
628 1111 696 1175 eius
732 1110 851 1175 ordinis
888 1109 1039 1193 pecunias

135 1214 354 1279 contulissent.
398 1214 513 1299 Itaque
538 1215 718 1299 appellatus
741 1222 790 1278 est
813 1234 832 1277 a
856 1212 890 1277 Ο.
914 1213 1037 1294 Flavio,

134 1317 227 1381 Bruti
244 1316 401 1399 familiari,
424 1315 562 1399 Atticus,
585 1323 621 1380 ut
643 1312 712 1380 eius
726 1317 774 1380 rei
795 1316 944 1401 princeps
966 1336 1036 1379 esso

122 1420 242 1485 uellet.
271 1419 317 1483 At
338 1420 403 1502 ille,
428 1419 481 1504 qui
504 1419 607 1484 officia
623 1419 733 1483 amicis
755 1413 947 1504 praestanda
969 1420 1036 1483 sine
1060 1443 1072 1480 1

133 1523 273 1588 factione
289 1523 488 1587 existimaret
512 1544 701 1607 semperque
725 1546 744 1587 a
766 1523 882 1588 talibus
904 1545 939 1588 se
962 1543 1036 1587 con·

134 1627 210 1690 siliis
237 1628 444 1709 removisset,
473 1626 655 1710 respondit:
688 1627 714 1690 si
743 1626 819 1711 quid
841 1623 967 1707 [Brutus
997 1627 1037 1690 de

134 1730 199 1795 suis
221 1729 426 1795 facultatibus
448 1721 495 1793 uti
517 1731 687 1812 voluisset,
713 1752 860 1813 usurum,
884 1737 1035 1815 quantum

134 1853 192 1898 eae
221 1837 423 1918 paterentur:
454 1855 488 1898 se
517 1855 623 1919 neque
652 1856 724 1900 cum
748 1856 908 1919 quoquam
931 1835 971 1899 de
999 1858 1037 1899 ea

132 1959 169 2002 re
199 1936 430 2000 collocuturum
459 1958 565 2021 neque
589 1938 756 2002 coiturum.
801 1937 853 2000 sio
881 1938 936 2001 ille
959 1959 1034 2002 con·

133 2039 290 2104 censionis
313 2040 428 2121 globus
450 2040 545 2103 huius
561 2041 654 2104 unius
672 2040 868 2104 dissensione
885 2040 1034 2104 disiectus

133 2150 191 2209 est.
236 2142 349 2227 Neque
387 2144 488 2207 multo
526 2151 600 2227 post
637 2143 783 2227 superior
820 2163 891 2207 esse
928 2147 1069 2227 coepite

132 2246 308 2328 Antonius,
341 2247 385 2311 ita
416 2254 451 2310 ut
481 2246 600 2309 Brutus
633 2253 665 2310 et
696 2245 824 2309 Cassius
856 2246 1033 2330 provincia-

132 2373 221 2432 rum,
264 2371 344 2435 quae
379 2352 419 2413 iis
456 2350 534 2414 dicis
567 2371 661 2413 causa
692 2350 786 2414 datae
817 2357 923 2431 erant,
960 2374 1035 2416 cura

134 2455 250 2520 omissa
281 2455 457 2539 desperatis
489 2457 583 2520 rebus
612 2458 645 2519 in
674 2456 822 2521 exsilium
852 2457 1031 2542 proficisce-

132 2567 253 2626 rentur.
296 2560 433 2643 Atticus,
456 2563 510 2646 qui
531 2564 699 2646 pecuniam
718 2563 812 2626 simul
835 2584 907 2626 cum
923 2565 1037 2628 ceteris
1058 2598 1071 2635 6

134 2665 278 2729 conferre
295 2666 443 2729 noluerat
461 2666 589 2730 florenti
611 2666 659 2728 illi
680 2667 771 2749 parti,
794 2666 918 2729 abiecto
934 2665 1035 2729 Bruto

132 2769 289 2853 Italiaque
313 2768 440 2832 cedenti
463 2769 645 2832 sestertium
668 2775 796 2832 centum
810 2769 899 2831 milia
912 2769 1036 2831 muneri

131 2874 227 2936 misit.
271 2871 387 2935 Eidem
422 2872 455 2935 in
488 2871 586 2955 Epiro
623 2871 736 2935 absens
769 2877 915 2934 trecenta
946 2870 1036 2932 iussit

133 2975 217 3040 dari:
240 2996 344 3059 neque
361 2995 400 3038 eo
416 2975 518 3058 magis
533 2975 657 3058 potenti
672 2974 817 3038 adulatus
834 2978 882 3035 est
892 2971 1034 3035 Antonio

131 3099 237 3164 neque
261 3078 445 3162 desperatos
468 3079 607 3163 reliquit.
1171 3137 1172 3140 ,

195 3181 255 3246 ΙΧ.
286 3181 437 3246 Secutum
466 3185 515 3244 est
542 3180 664 3244 bellum
692 3183 819 3262 gestum
850 3179 934 3262 apud
962 3179 1066 3252 Mu-1

130 3287 241 3349 tinam.
285 3283 324 3347 In
347 3304 410 3368 quo
434 3283 461 3346 si
482 3288 605 3346 tantum
624 3303 698 3346 eum
712 3282 903 3366 prudentem
920 3283 1033 3363 droam,

130 3388 235 3451 minus
257 3408 352 3472 quam
376 3387 511 3451 debeam
532 3384 727 3473 praedicem,
757 3406 828 3449 cum
851 3382 905 3450 ille
928 3385 1034 3470 potius
