2400 3848
162 198 200 255 30
468 192 506 232 VI.
526 192 686 232 LYSANDEB.
705 194 724 232 8.
738 195 757 232 4.

163 350 261 409 lasset
276 344 483 419 voluntatem,
505 344 656 426 futurum,
677 347 713 406 ut
727 342 835 406 Thasii
850 342 1068 406 dilaberentur

163 448 427 532 consulerentque
450 446 552 510 rebus,
567 446 630 508 suis
647 495 654 510 .
671 495 678 510 .
695 495 702 509 .

130 572 140 610 1
226 549 287 614 HI.
316 550 430 634 Itaque
459 549 493 612 hi
525 548 771 612 decemviralem
801 552 995 632 potestatem
1026 545 1067 609 ab

162 654 218 718 illo
242 655 447 718 constitutam
464 654 667 717 sustulerunt.
704 652 774 725 Quo
792 651 904 715 dolore
920 651 1068 714 incensus

162 756 232 820 iniit
247 757 380 820 consilia
392 777 485 841 reges
499 756 829 820 Lacedaemoniorum
844 755 969 818 tollere.
1001 751 1067 817 Sed

163 858 321 923 sentiebat
342 857 377 922 id
396 879 431 923 se
447 860 514 924 sine
532 879 593 943 ope
610 860 745 924 deorum
759 859 864 922 facere
880 878 944 922 non
959 877 1067 942 posse,

163 961 250 1046 quod
285 960 534 1026 Lacedaemonii
569 963 676 1027 omnia
709 963 749 1026 ad
784 962 911 1026 oracula
947 959 1067 1025 referre

130 1070 364 1129 sconsuerant.
407 1063 552 1127 Primum
573 1065 767 1149 Delphicum
792 1084 994 1149 corrumpere
1018 1067 1068 1128 est

163 1146 304 1231 constris.
351 1166 433 1232 Ourn
454 1167 488 1230 id
510 1188 576 1231 non
604 1168 778 1252 potuisset,
807 1167 979 1231 Dodonam
1010 1165 1067 1228 ad-

164 1276 252 1334 ortus
281 1275 338 1334 est.
383 1269 468 1334 Hinc
491 1290 618 1355 quoque
647 1271 791 1355 repulsus
823 1270 903 1334 dixit
931 1290 965 1334 se
992 1274 1070 1333 vota

163 1375 354 1458 suscepisse,
385 1373 467 1458 quae
489 1373 562 1437 Iovi
582 1373 756 1436 Hammoni
778 1373 933 1456 solveret,
958 1373 1068 1438 existi·

129 1499 253 1541 amans
285 1499 319 1541 se
348 1476 445 1539 Afros
476 1475 598 1539 facilius
630 1481 862 1561 corrupturum.
907 1475 979 1540 Hac
1011 1497 1069 1561 spe

165 1602 237 1644 cum
267 1580 429 1664 profectus
461 1584 545 1644 esset
576 1579 608 1643 in
636 1577 795 1662 Africam,
827 1581 963 1644 multum
994 1602 1070 1645 eum

165 1681 321 1744 antistites
344 1681 431 1745 Iovis
453 1680 645 1746 fefellerunt.
689 1683 773 1747 Nam
790 1705 856 1748 non
871 1686 975 1748 solum
998 1705 1070 1748 cor-

164 1787 270 1870 rumpi
297 1806 362 1849 non
391 1791 580 1870 potuerunt,
610 1786 669 1851 sed
698 1787 794 1851 etiam
821 1788 945 1871 legatos
968 1787 1070 1852 Lace·

167 1889 356 1954 daemonem
379 1890 543 1973 miserunt,
576 1891 629 1976 qui
650 1889 851 1975 Lysandrum
875 1897 1070 1971 accusarent,

166 1991 252 2076 quod
284 1992 466 2057 sacerdotes
497 1993 562 2057 fani
585 2015 789 2079 corrumpere
821 2000 952 2058 conatus
975 1999 1068 2058 esset.

131 2121 143 2157 4
164 2094 342 2159 Accusatus
363 2096 426 2160 hoc
446 2099 576 2162 crimine
592 2098 795 2183 iudicumque
812 2098 974 2162 absolutus
996 2119 1069 2162 sen-

165 2198 289 2280 tentiis,
319 2197 540 2264 Orchomeniis
571 2203 684 2265 missus
713 2200 853 2264 subsidio
878 2202 997 2265 occisus
1020 2208 1070 2264 est

131 2302 366 2370 saThebanis
396 2304 482 2388 apud
503 2304 694 2368 Haliartum.
740 2304 844 2377 Quam
866 2325 941 2368 vere
965 2304 1005 2368 de
1029 2325 1069 2368 eo

164 2404 249 2468 foret
277 2405 467 2487 iudicatum,
503 2407 603 2470 oratio
633 2405 749 2470 indicio
780 2405 854 2488 fuit,
886 2427 967 2491 quae
996 2412 1070 2490 post

166 2512 304 2570 mortem
325 2508 358 2570 in
382 2506 478 2571 domo
502 2509 570 2572 eius
586 2497 714 2592 reperta
737 2513 794 2590 est,
817 2509 850 2571 in
873 2530 935 2593 qua
957 2508 1071 2573 suadet

166 2610 445 2693 Lacedaemoniis,
474 2616 510 2674 ut
538 2612 628 2694 regia
654 2617 817 2696 potestate
847 2612 999 2675 dissoluta
1027 2632 1069 2676 ex

168 2712 314 2777 omnibus
337 2713 402 2777 dux
424 2714 583 2798 deligatur
606 2714 647 2778 ad
666 2715 787 2779 bellum
801 2716 988 2800 gerendum,
1012 2717 1070 2780 sed

166 2817 211 2881 sie
225 2816 352 2900 scripta,
363 2824 399 2881 ut
412 2817 546 2881 deorum
560 2816 722 2881 videretur
743 2836 918 2901 congruere
941 2823 1069 2882 senten-

166 2921 240 3002 tiae,
268 2940 363 3004 quam
385 2918 439 2982 ille
462 2939 496 2982 se
520 2917 702 2982 habiturum
723 2920 859 3004 pecunia
879 2919 981 2984 fidens
1004 2941 1071 2985 non

168 3022 335 3086 dubitarat.
379 3021 473 3086 Hanc
502 3023 533 3086 ei
560 3023 722 3106 scripsisse
753 3022 854 3087 Cleon
882 3022 1069 3089 Halicarna-

167 3126 230 3190 sius
256 3125 378 3189 dicitur.
677 3194 680 3199 ,

132 3262 145 3301 1
230 3229 288 3292 IV.
318 3229 425 3314 Atque
450 3228 512 3293 hoc
541 3229 613 3293 loco
644 3250 709 3293 non
733 3236 781 3294 est
802 3229 1072 3313 praetereundum

168 3332 287 3395 factum
323 3332 539 3410 Pharnabazi,
574 3335 707 3416 satrttpis
742 3334 832 3417 regii.
877 3333 961 3397 Nam
998 3355 1070 3397 cum
