2400 3848
186 248 203 303 6
515 254 532 292 1.
552 253 718 294 mmrmnns.
740 256 758 293 s.

186 406 341 492 phernem
371 410 482 492 hisque
513 408 651 473 ducenta
672 408 818 493 peditum
840 409 946 490 milia,
976 409 1090 471 decem

187 510 330 594 equitum
353 508 442 573 dedit
458 530 583 572 oausam
598 509 791 574 interserens
813 531 847 573 se
869 510 996 573 hostem
1019 530 1090 573 esse

186 614 445 695 Atheniensibus,
469 613 556 698 quod
578 633 690 677 eorum
713 613 832 676 auxilio
855 613 951 677 Iones
974 611 1091 677 Sardes

154 748 165 785 2
187 724 424 804 expugnassent
446 739 565 803 suaque
580 717 740 803 praesidia
757 718 1000 781 interfecissent.
1038 717 1091 780 Illi

185 823 339 907 praefecti
367 822 448 905 regii
470 823 569 885 classe
597 820 638 884 ad
660 822 827 886 Euboeam
849 821 982 905 appulsa
1005 822 1090 886 cele-

185 925 262 990 riter
293 925 450 989 Eretriam
484 931 638 1008 oeperunt
670 946 844 1009 omnesque
882 946 950 988 erus
984 925 1090 1007 gentis

186 1030 271 1093 cives
287 1029 436 1121 abreptos
452 1030 484 1092 in
499 1027 611 1091 Asiam
627 1027 667 1091 ad
683 1049 794 1112 regem
809 1029 973 1093 miserunt.
1007 1027 1089 1092 Inde

186 1131 227 1195 ad
242 1132 382 1196 Atticam
399 1137 600 1196 accesserunt
620 1153 657 1194 aa
673 1133 871 1216 suasoopias
893 1133 926 1195 in
942 1153 1089 1218 campum

185 1235 373 1299 Marathona
388 1234 599 1299 deduxerunt.
638 1237 670 1299 Is
694 1242 743 1300 est
765 1236 804 1299 ab
829 1237 947 1321 oppido
965 1238 1090 1302 circiter

152 1369 163 1407 a
185 1339 272 1402 milia
292 1360 442 1423 passuum
459 1339 580 1403 decem.
625 1339 698 1402 Hoc
721 1340 857 1403 tumultu
872 1339 1089 1405 Athenienses

184 1447 250 1505 tam
272 1444 450 1528 propinquo
474 1450 602 1528 tamque
634 1465 751 1526 magno
774 1445 912 1528 permoti
936 1445 1088 1508 auxilium

184 1566 337 1630 nusquam
360 1548 421 1610 nisi
443 1568 462 1610 a
481 1546 745 1612 Lacedaemoniis
761 1551 943 1632 petiverunt
958 1549 1089 1633 Phidip-

184 1670 323 1732 pumque
340 1670 502 1713 cursorem
518 1650 585 1714 cius
601 1651 739 1735 generis,
756 1653 809 1735 qui
821 1652 1088 1716 hemerodrdmoe

184 1758 347 1833 vocantur,
369 1752 645 1817 Lacedaemdnem
667 1754 839 1835 miserunt,
863 1761 898 1817 ut
919 1756 1089 1837 nuntiaret,

151 1877 279 1940 squam
317 1857 414 1920 celeri
450 1877 528 1940 opus
563 1864 647 1921 esset
678 1858 807 1922 auxilio.
852 1858 950 1921 Domi
982 1864 1088 1922 autem

185 1965 293 2024 creant
316 1960 428 2024 decern
449 1967 623 2044 praetores,
647 1961 701 2045 qui
723 1961 878 2024 exercitui
892 1966 1089 2046 praeessent,

184 2065 217 2127 in
245 2067 291 2129 eis
319 2065 507 2129 Miltiadem.
552 2065 642 2128 Inter
671 2086 749 2150 quos
777 2086 893 2149 magna
921 2065 981 2128 fuit
1012 2071 1146 2129 oonaes'

184 2169 299 2250 tentic,
331 2175 438 2232 utrum
465 2169 633 2234 moenibus
663 2189 697 2232 se
722 2168 932 2232 defenderent
961 2190 1000 2232 an
1032 2169 1087 2232 ob-

150 2272 267 2338 sviam
295 2272 379 2335 irent
405 2273 557 2357 hostibusw
579 2274 709 2357 acieque
734 2272 952 2336 decernerent.
996 2272 1089 2336 Unus

183 2373 344 2438 Miltiades
373 2376 512 2438 maxime
545 2377 720 2458 nitebatur,
758 2380 793 2437 ut
822 2375 925 2460 primo
960 2396 1087 2460 quoque

183 2482 328 2560 tempore
345 2483 448 2540 castra
461 2478 590 2541 fierent:
613 2479 647 2541 id
670 2479 696 2541 si
711 2478 829 2542 factum
846 2486 938 2562 esset,
963 2485 996 2544 et
1011 2479 1086 2543 civi·

182 2580 241 2643 bus
255 2580 395 2642 animum
413 2600 623 2663 accessurum,
648 2601 719 2644 cum
741 2580 888 2645 viderent
912 2581 951 2646 de
975 2603 1086 2646 eorum

182 2684 298 2748 virtute
321 2704 386 2747 non
410 2682 589 2768 desperari,
619 2689 652 2748 et
679 2684 788 2748 hostes
812 2684 926 2748 eadem
953 2706 989 2749 re
1018 2686 1087 2751 fore

182 2787 353 2870 tardiores,
381 2787 407 2851 si
430 2788 720 2852 animadverterent
742 2788 854 2851 auderi
877 2788 1029 2853 adversus
1051 2811 1087 2854 se

182 2897 247 2954 tam
271 2892 394 2974 exiguis
418 2892 517 2975 copiis
542 2892 694 2955 dimicari.

150 3025 160 3061 1
246 2993 287 3058 V.
317 2993 390 3057 Hoc
412 2994 446 3057 in
468 3000 614 3078 tempore
639 2995 727 3057 nulla
750 2995 859 3058 civitas
882 2993 1087 3059 Atheniensi-

181 3096 240 3160 bus
270 3096 387 3159 auxilio
416 3095 476 3158 fuit
503 3102 632 3181 praeter
659 3097 874 3161 Plataeenses.
920 3098 968 3161 Ea
998 3100 1141 3164 mille..a

181 3199 267 3262 misit
281 3198 425 3262 militum.
457 3199 570 3284 Itaque
586 3200 701 3263 horum
717 3199 856 3263 adventu
872 3198 984 3264 decem
1000 3202 1086 3264 milia

183 3308 376 3366 armatorum
405 3304 565 3388 completa
592 3307 680 3366 sunt:
711 3323 791 3386 quae
815 3323 926 3364 manus
950 3303 1086 3366 mirabili
1117 3374 1129 3387 Ἴ,

149 3405 335 3487 aflagrabat
356 3405 520 3489 pugnandi
548 3404 730 3488 cupiditate.
778 3404 847 3476 Quo
880 3405 998 3467 factum
1027 3412 1085 3487 est,
