2400 3848
442 274 523 315 xxrrn
542 274 700 314 strumam
719 277 740 316 s.
986 279 1039 335 121

136 421 317 505 liciebatur,
348 423 504 508 quaesivit
532 442 552 486 a
578 443 648 505 me,
678 423 837 486 vellemne
869 443 977 487 secum
1008 423 1042 486 in

137 530 241 590 castra
269 526 452 610 proficisci?
494 525 535 589 Id
566 545 638 589 cum
675 526 812 590 libenter
847 527 1042 610 accepissem

136 634 232 714 atque
255 629 294 692 ab
318 651 356 695 eo
379 634 491 715 petere
515 629 707 714 coepissem,
736 650 777 693 ne
801 628 960 694 dubitaret
983 627 1041 691 du-

136 753 220 815 cere,
242 739 311 798 tum
325 735 380 798 ille
396 727 528 799 ‘faciam’
547 734 657 818 inquit,
680 729 716 797 ‘si
730 733 809 796 mihi
824 732 930 815 fidem,
946 753 1042 816 quam

134 837 281 922 postulo,
314 832 460 901 dederis?
505 835 606 901 Simul
635 858 686 902 mo
715 836 756 900 ad
788 857 874 900 aram
897 834 1041 917 adduxit,

134 939 221 1025 apud
244 961 340 1025 quam
356 940 532 1004 sacrificare
555 939 745 1021 instituerat,
768 959 903 1023 eamque
926 939 1040 1003 ceteris

133 1043 267 1108 remotis
289 1048 453 1108 tenentem
475 1044 579 1106 iurare
608 1043 699 1106 iussit
726 1064 899 1127 numquam
926 1063 979 1107 me
1008 1043 1042 1106 in

133 1146 274 1210 amicitia
295 1168 368 1211 oum
382 1147 537 1211 Romanis
557 1147 636 1211 foro.
681 1144 720 1208 Id
744 1165 805 1228 ego
822 1145 1040 1208 iusiurandum
1062 1172 1074 1211 s

132 1250 218 1334 patri
241 1249 351 1314 datum
372 1271 473 1334 usque
504 1249 546 1312 ad
574 1250 655 1313 hanc
678 1254 817 1312 aetatem
845 1248 889 1311 ita
912 1268 1039 1312 consor-

132 1353 216 1435 vari,
237 1357 274 1416 ut
295 1353 415 1417 nemini
439 1352 570 1416 dubium
586 1373 655 1418 esse
672 1351 797 1432 debeat,
821 1351 896 1434 quin
914 1349 1038 1435 reliquo

132 1460 279 1539 temporo
313 1455 427 1520 eadem
458 1460 566 1520 mente
603 1456 662 1520 sim
692 1454 827 1517 futurus.
873 1453 979 1527 Quare
1013 1454 1073 1519 sis

133 1558 211 1642 quid
242 1557 342 1623 amice
373 1558 412 1623 de
442 1558 597 1623 Romanis
626 1557 796 1641 cogitabis,
825 1577 890 1620 non
918 1557 1038 1641 impru-

133 1660 248 1726 denter
261 1661 385 1744 feceris,
407 1661 435 1726 si
455 1682 508 1726 me
532 1663 659 1726 colaris:
684 1682 756 1726 cum
772 1660 901 1744 quidem
919 1660 1039 1725 bellum

131 1764 275 1849 parabis,
296 1770 329 1830 to
353 1765 457 1850 ipsum
479 1765 696 1848 frustraberis,
724 1766 752 1828 si
780 1784 846 1828 non
868 1786 920 1828 me
943 1765 976 1828 in
999 1786 1037 1830 eo

131 1866 310 1952 principem
332 1865 499 1952 posueris.‘

196 1969 258 2035 III.
287 1969 358 2034 Hac
392 1970 505 2053 igitur,
541 1991 604 2054 qua
635 1969 790 2053 diximus,
826 1976 931 2034 aetate
966 1991 1070 2044 oum1

130 2077 223 2157 patre
253 2073 288 2137 in
317 2073 508 2158 Hispaniam
537 2074 700 2157 profectus
738 2079 804 2138 est:
843 2074 931 2137 cuius
964 2080 1038 2157 post

133 2177 254 2241 obitum
278 2176 483 2241 Hasdrubtle
505 2177 698 2261 imperatore
724 2177 859 2240 suffecto
883 2176 1038 2260 equitatui

132 2281 220 2345 omni
241 2281 388 2365 praefuit.
434 2279 508 2342 Hoc
535 2301 661 2364 quoque
684 2279 852 2343 interfecto
877 2280 1037 2342 exercitus

130 2402 287 2448 summam
310 2382 435 2468 imperii
464 2383 505 2446 ad
536 2404 609 2447 eum
639 2383 762 2447 detulit.
807 2383 847 2447 Id
871 2382 1036 2465 Carthagi-

129 2506 207 2551 nem
244 2486 385 2551 delatum
421 2487 548 2572 publice
587 2487 828 2571 comprobatum
860 2491 924 2550 est.
985 2486 1069 2559 Sio2

131 2588 293 2654 Hannibal
308 2590 412 2653 minor
428 2591 565 2674 quinque
582 2595 615 2653 et
630 2591 744 2673 viginti
759 2591 848 2654 annis
862 2590 1037 2674 imperator

129 2691 232 2755 factus
254 2693 402 2777 proximo
426 2693 563 2756 triennio
589 2714 699 2758 omnes
725 2699 838 2777 gentes
860 2693 1035 2777 Hispaniae

129 2792 216 2858 bello
240 2793 382 2877 subegit:
413 2794 605 2878 Saguntum,
637 2796 837 2860 foederatam
866 2796 1035 2878 civitatem,

130 2897 163 2961 vi
192 2898 404 2982 expugnarit,
432 2904 498 2961 tres
528 2899 689 2963 exereitus
717 2901 875 2963 maximos
906 2920 1035 2984 compa·

129 3001 222 3065 ravit.
266 3000 319 3065 Ex
346 3001 395 3064 his
424 3022 522 3065 unum
550 3003 584 3066 in
606 3001 749 3066 Africam
770 3003 871 3083 misit,
900 3003 1068 3074 alterumn

130 3124 205 3170 cum
225 3104 429 3170 Hasdrubtle
453 3105 549 3169 fratre
572 3105 605 3168 in
623 3105 779 3190 Hispania
800 3105 943 3189 reliquit,
970 3110 1034 3169 ter·

129 3208 211 3273 tium
232 3208 264 3272 in
280 3208 406 3273 Italiam
425 3230 534 3273 secum
556 3210 656 3273 duxit.
695 3208 818 3273 Saltum
832 3207 1034 3293 Pyrenaeum

129 3313 264 3378 transiit.
309 3313 515 3397 Quacumque
553 3313 615 3378 iter
651 3313 743 3396 feeit,
780 3332 852 3376 cum
889 3311 1035 3375 omnibus

129 3417 242 3482 incolis
273 3418 433 3482 conflixit:
470 3418 631 3483 neminem
662 3418 722 3480 nisi
752 3416 872 3480 victum
906 3415 1033 3479 dimisit.
