2400 3848
168 231 204 290 56
531 234 557 274 x.
576 234 654 274 mou.
675 235 706 274 ro.

132 375 294 459 afugeret
316 375 465 439 Zanclen.
510 377 647 440 Suorum
677 383 827 443 autema
853 401 986 446 numero
1011 381 1073 445 Za-

169 478 314 562 cynthios
336 479 559 542 adulescentes
582 479 740 563 quosdam
763 481 855 566 eligit
878 504 951 547 cum
972 484 1073 548 auda-

168 583 311 647 cissimos
340 589 408 646 tum
436 581 556 646 viribus
579 582 726 646 maximis
755 584 857 669 iisque
885 584 941 649 dot
969 607 1072 671 nego-

166 686 256 769 tium,
273 686 314 750 ad
329 685 469 749 Dionem
486 689 560 748 eant
575 685 724 767 inermes,
745 686 791 750 sic
805 691 842 751 ut
859 688 1074 752 conveniendi

168 791 236 852 eius
258 789 361 873 gratia
383 787 570 851 viderentur
592 789 713 853 venire.
758 790 804 853 Hi
832 799 966 877 propter
988 792 1074 856 noti·

131 932 144 969 4
166 893 245 955 tiam
267 897 340 956 sunt
361 891 545 954 intromissi.
579 889 625 954 At
647 893 703 974 illi,
726 900 762 957 ut
784 893 882 958 limen
906 896 1072 978 intrarant,

165 994 286 1059 foribus
322 993 476 1057 obseratis
513 994 547 1057 in
580 995 664 1058 lecto
702 996 872 1060 cubantem
906 999 1073 1082 invadunt,

167 1099 336 1183 colligant:
365 1098 401 1160 fit
430 1096 597 1180 strepitus,
626 1098 708 1163 adeo
739 1105 775 1162 ut
798 1099 947 1164 exaudiri
969 1102 1073 1184 possit

132 1202 253 1274 5ioris.
297 1200 377 1281 Hic,
410 1200 491 1263 sicut
514 1206 587 1264 ante
612 1201 853 1285 saepedictum
878 1209 941 1287 est,
974 1224 1071 1289 quam

165 1306 269 1370 invisa
297 1307 337 1369 sit
367 1304 536 1388 singularis
560 1305 705 1387 potentia
728 1311 760 1368 et
788 1306 970 1372 miseranda
992 1310 1071 1391 vita,

168 1412 221 1495 qui
253 1430 288 1473 se
321 1407 422 1471 metui
454 1428 549 1491 quam
582 1408 681 1470 amari
713 1408 852 1490 malunt,
889 1410 989 1473 cuivis
1022 1410 1069 1476 fa·

133 1515 227 1583 coilo
261 1512 426 1576 intellectu
457 1509 526 1573 fuit.
571 1509 717 1604 Namque
749 1511 811 1595 ipsi
842 1512 1008 1595 custodes,
1043 1515 1071 1577 si

164 1627 312 1706 prompta
339 1621 471 1683 fuissent
492 1619 674 1699 voluntate,
697 1617 818 1681 foribus
842 1618 978 1682 effractis
1001 1638 1069 1682 ser-

164 1748 239 1791 vare
256 1747 330 1790 eum
344 1725 531 1809 potuissent,
555 1721 642 1807 quod
662 1722 709 1784 illi
723 1722 861 1786 inermes
877 1722 976 1785 telum
991 1720 1071 1785 foris
1118 1801 1122 1808 Ι

164 1829 342 1913 flagitantes
358 1828 465 1892 vivum
487 1825 649 1889 tenebant.
695 1824 755 1888 Oui
778 1845 849 1889 cum
871 1833 1071 1889 succurreret

164 1956 276 2016 nemo,
308 1932 395 2017 Lyco
427 1930 556 2016 quidam
578 1929 794 2014 Syracusanus
817 1950 874 2012 per
896 1928 1070 1993 fenestram

164 2038 306 2122 gladium
331 2035 430 2119 dedit,
453 2056 516 2120 quo
539 2034 627 2097 Dion
648 2034 833 2098 interfectus
857 2039 914 2097 est.

130 2171 141 2211 1
227 2142 269 2206 Χ.
303 2140 457 2205 Confecta
493 2137 591 2203 caede
633 2158 705 2200 cum
736 2135 907 2200 multitudo
943 2135 1071 2201 visendi

163 2245 267 2328 gratia
291 2244 468 2324 introisset,
497 2241 641 2305 nonnulli
671 2241 710 2303 ab
739 2240 844 2303 insciis
873 2260 931 2323 pro
962 2239 1070 2303 noxiis

164 2345 382 2410 conciduntur.
414 2347 499 2410 Nam
514 2345 611 2408 celeri
631 2364 760 2409 rumore
777 2344 874 2407 dilato
889 2343 988 2407 Dioni
1003 2343 1070 2406 vim

164 2449 290 2511 allatam
319 2448 411 2510 multi
442 2452 683 2529 concurrerant,
715 2447 828 2530 quibus
859 2448 924 2512 tale
946 2445 1070 2510 facinus

164 2549 360 2635 displicebat.
396 2550 442 2613 Hi
463 2550 542 2612 falsa
555 2549 735 2633 suspicione
753 2549 840 2613 ducti
862 2550 1070 2613 immerentes

129 2660 198 2730 2ut
213 2655 386 2718 sceleratos
402 2652 559 2715 occidunt.
593 2651 698 2715 Huius
723 2651 762 2715 de
785 2658 889 2715 morte
912 2658 948 2715 ut
962 2652 1071 2735 palam

162 2758 281 2821 factum
303 2762 361 2838 est,
383 2755 570 2819 mirabiliter
591 2755 679 2838 vulgi
702 2760 825 2819 mutata
847 2760 896 2819 est
909 2756 1069 2820 voluntas.

163 2860 247 2924 Nam
270 2859 324 2943 qui
345 2858 454 2922 vivum
477 2879 550 2922 eum
565 2864 737 2943 tyrannum
751 2860 939 2940 vocitarent,
963 2857 1071 2923 eidem

163 2963 369 3027 liberatorem
390 2962 512 3046 patriae
535 2962 725 3046 tyrannique
747 2963 952 3045 expulsorem
975 2980 1069 3044 prae-

166 3066 321 3130 dicabant.
346 3065 398 3129 sic
413 3067 516 3129 subito
534 3065 753 3129 misericordia
769 3063 844 3128 odio
861 3070 1068 3145 successerat,

164 3174 200 3233 ut
223 3190 297 3233 eum
325 3189 382 3231 suo
407 3169 560 3251 sanguine
583 3169 623 3232 ab
645 3167 848 3249 Acherunte,
879 3168 905 3230 si
926 3172 1069 3250 possent,

131 3277 319 3356 acuperent
346 3270 516 3334 redimere.
561 3269 674 3355 Itaque
703 3271 736 3332 in
757 3269 835 3333 urbe
860 3269 1068 3333 celeberrimo

165 3377 236 3440 loco
261 3377 362 3438 elatus
384 3374 509 3458 publice
541 3374 678 3456 sepulcri
699 3377 907 3436 monumento
933 3369 1069 3433 donatus
