2400 3848
433 254 514 294 xum.
533 255 676 295 nonnum.
697 256 728 295 ra
976 260 1030 317 105

123 399 262 484 positam
283 420 373 484 spem
388 400 573 466 habuissent
594 404 756 467 victoriae.
794 402 840 467 At
858 403 1029 486 Eumenes,
1053 432 1065 469 e

124 523 198 567 cum
236 502 352 567 diutius
390 505 423 567 in
456 505 566 569 vinclis
601 512 702 588 esset,
739 506 783 570 ait
815 506 1029 590 Onomarcho,

78 694 81 701 Α
124 627 225 692 penes
253 628 349 692 quem
380 630 503 672 summa
534 616 604 674 erat
636 612 816 695 custodiae,
848 633 883 675 se
911 612 1030 693 mirari,

126 731 224 795 quare
263 712 329 776 iam
368 713 497 777 tertium
536 713 621 777 diem
660 716 705 779 sio
744 721 926 780 teneretur:
964 736 1030 778 non

126 815 212 878 enim
233 815 296 879 hoo
319 816 491 880 convenire
514 816 670 902 Antigoni
691 819 896 904 prudentiae,
927 824 963 881 ut
985 819 1030 883 sio

127 918 312 983 deuteretur
340 921 443 1001 vioto;
474 922 549 1006 quin
577 929 632 987 aut
660 924 794 988 interfici
823 928 878 986 aut
899 922 1028 985 missum

125 1020 195 1086 fieri
215 1022 348 1087 iuberet.
388 1022 452 1086 Hic
475 1045 548 1087 eum
563 1024 701 1089 ferocius
718 1025 919 1090 Onomarcho
942 1025 1029 1109 loqui
1051 1053 1064 1090 ι

124 1123 304 1207 videretur,
337 1126 446 1210 ,quidt
476 1124 521 1190 tu‘
544 1127 646 1212 inquit
675 1131 790 1210 ,animo
815 1130 841 1192 si
863 1129 924 1192 isto
949 1149 1029 1206 eras,

126 1248 182 1293 cur
218 1249 284 1293 non
319 1229 353 1292 in
388 1230 511 1313 proelio
550 1229 693 1294 cecidisti
725 1233 831 1315 potius
866 1251 961 1314 quam
997 1230 1031 1292 in

125 1337 317 1415 potestatem
359 1333 478 1398 inimici
521 1334 647 1399 venires
658 1333 683 1398 Ρ(
741 1333 826 1397 Huic
852 1334 1065 1398 'Eumencss

125 1440 257 1523 ,utinam
290 1441 420 1526 quidem
448 1442 535 1507 istud
567 1441 747 1507 evenisset!
792 1441 857 1506 Sed
891 1461 930 1504 eo
963 1462 1030 1506 non

126 1549 256 1632 accidit,
286 1549 371 1634 quod
393 1571 567 1634 numquam
597 1570 669 1613 cum
691 1551 823 1616 fortiore
852 1571 922 1614 sum
954 1570 1029 1613 oon-

126 1671 268 1736 gressus:
296 1673 361 1716 non
390 1654 475 1718 enim
504 1674 577 1718 oum
605 1675 766 1739 quoquam
789 1676 878 1718 arma
900 1655 1030 1736 contuli,

127 1755 203 1839 quin
231 1755 258 1818 is
288 1756 367 1819 mihi
396 1754 619 1823 succubuerit.‘
662 1758 777 1843 Neque
807 1757 841 1820 id
872 1762 942 1821 erat
971 1757 1029 1820 fal-

126 1879 213 1923 sum:
244 1861 418 1924 nonenim
439 1862 557 1926 virtute
579 1862 736 1944 hostium,
766 1861 824 1926 sed
855 1860 1030 1923 amicorum

127 1963 260 2048 perfidia
283 1964 411 2029 decidit.
930 1984 932 1988 ·

191 2067 269 2131 XII.
298 2068 349 2132 De
371 2068 434 2132 hoc
448 2066 630 2151 Antigonus
647 2089 719 2131 oum
734 2067 822 2130 solus
838 2066 1030 2130 constituere
1053 2087 1065 2126 ι

126 2191 192 2235 non
223 2171 373 2254 auderet,
411 2172 452 2235 ad
486 2173 653 2236 consilium
685 2170 818 2236 rettulit.
862 2167 926 2231 Hic
959 2189 1031 2231 cum

128 2293 239 2338 omnes
269 2275 373 2357 primo
404 2276 581 2359 perturbati
610 2275 843 2338 admirarentur
872 2291 937 2335 non
968 2271 1031 2334 iam

129 2375 171 2441 dc
193 2396 233 2440 eo
256 2382 417 2462 sumptum
433 2399 503 2442 esse
517 2378 717 2462 supplicium,
740 2397 844 2461 aquo
867 2381 916 2438 tot
932 2395 1032 2438 annos

128 2477 211 2542 adeo
236 2484 342 2544 essent
363 2480 447 2546 male
469 2481 579 2564 habiti,
602 2487 638 2545 ut
659 2502 755 2566 saepe
778 2481 820 2545 ad
836 2479 1032 2564 desperatio·
1067 2523 1072 2533 .

127 2601 204 2646 nem
224 2581 331 2648 forent
345 2583 485 2667 adducti,
509 2585 626 2670 quique
641 2585 799 2648 maximos
815 2583 911 2647 duces
934 2583 1031 2645 inter-

128 2682 273 2766 fecisset,
303 2685 440 2770 deniquc
469 2689 502 2750 in
532 2708 595 2771 quo
624 2707 689 2750 uno
711 2693 834 2750 tantum
858 2690 959 2766 esset,
987 2689 1032 2765 ut,
1055 2707 1067 2746 a

129 2788 237 2872 quoad
257 2789 312 2853 ille
336 2790 472 2872 viveret,
500 2791 561 2874 ipsi
583 2790 686 2854 securi
717 2808 871 2853 essenon
892 2791 1033 2871 possent,

128 2889 299 2956 interfecto
322 2892 400 2955 nihil
415 2892 554 2956 habituri
576 2894 698 2977 negotii
721 2897 837 2973 essent,
859 2895 1033 2974 postremo,

129 2994 158 3056 si
171 2993 220 3057 illi
232 2993 385 3059 redderet
402 2996 548 3078 salutem,
572 2996 776 3080 quaerebant,
800 2992 912 3078 quibus
927 2989 1034 3053 amicis

131 3102 216 3161 esset
236 3118 365 3161 usurus:
389 3118 460 3162 sese
484 3099 569 3162 enim
591 3117 663 3161 cum
685 3097 829 3160 Eumene
853 3092 939 3177 apud
962 3111 1033 3154 eum

131 3217 197 3271 non
217 3199 350 3263 futuros.
387 3199 595 3283 Hiccognita
610 3197 732 3261 consilii
746 3196 911 3259 voluntate
926 3199 1034 3255 tamen
1056 3223 1068 3262 a

131 3321 231 3385 usque
254 3301 296 3365 ad
311 3304 481 3387 septimum
498 3303 584 3367 diem
600 3300 797 3365 deliberandi
820 3299 879 3362 sibi
898 3296 1034 3382 spatium

131 3403 268 3488 reliquit.
319 3403 400 3466 Tum
429 3412 553 3485 autem,
585 3424 658 3466 cum
687 3403 751 3465 iam
781 3407 961 3481 vereretur,
992 3419 1033 3461 ne
