2400 3848
195 231 231 287 72
516 230 574 276 xrv,
593 229 735 270 nirauns.
754 231 773 270 1.

192 374 420 441 Armeniorum
443 376 555 440 decem
577 376 674 458 milia,
697 376 942 461 Paphlagonum
957 377 1103 464 quinque

193 480 298 564 milia,
318 481 484 565 Phrygum
508 479 621 544 decem
643 480 746 562 milia,
768 479 934 565 Lydorum
956 480 1102 565 quinque

192 584 296 666 milia,
332 582 572 669 Aspendiorum
606 588 638 647 et
668 583 848 648 Pisidarum
880 585 1005 649 circiter
1035 585 1103 648 tria

192 687 295 770 milia,
326 687 463 752 Cilicum
485 686 548 752 duo
572 687 675 768 milia,
701 686 929 772 Captianorum
950 686 1103 770 totidem,

195 812 237 854 ex
248 790 383 854 Graecia
395 788 625 854 conductorum
640 790 699 853 tria
715 790 811 871 milia,
827 790 907 854 levis
918 794 1102 854 armaturae

158 921 173 961 a
193 894 370 957 maximum
398 914 575 956 numerum.
620 892 689 956 Has
712 893 863 956 adversus
886 893 994 977 copias
1024 912 1103 977 spes

196 997 298 1062 omnis
321 996 514 1061 consistebat
535 995 665 1059 Datami
693 996 726 1058 in
756 1016 790 1060 se
819 995 947 1080 locique
968 1000 1101 1059 natura:

193 1121 331 1184 namque
368 1099 462 1163 huius
494 1103 619 1183 partem
649 1118 715 1161 non
744 1098 883 1162 habebat
913 1098 1102 1162 vicesimam

194 1204 341 1267 militum.
368 1201 490 1276 Quibus
505 1201 605 1265 fretus
621 1202 763 1266 conflixit
779 1201 1101 1286 adversariorumque

194 1308 295 1371 multa
310 1306 399 1369 milia
415 1304 563 1386 concidit,
588 1325 659 1368 oum
684 1304 723 1368 de
746 1305 844 1389 ipsius
868 1306 1012 1370 exercitu
1032 1304 1103 1370 11011
1144 1328 1148 1333 ·

195 1407 786 1493 ampliushominummillececidisset.
808 1408 909 1482 Quam
921 1410 961 1473 ob
972 1430 1104 1474 causam

194 1518 325 1598 postero
338 1511 390 1575 die
400 1516 568 1596 tropaeum
578 1512 694 1596 posuit,
711 1534 773 1597 quo
783 1513 855 1576 loco
865 1512 1102 1600 pridiepugna·

161 1646 176 1682 4
196 1622 264 1679 tum
288 1618 365 1679 1111.
408 1614 493 1678 Hinc
516 1635 588 1679 cum
610 1621 714 1680 castra
735 1617 888 1682 movisset
910 1609 1102 1703 semperque

196 1717 328 1782 inferior
339 1717 439 1802 copiis
449 1717 594 1802 superior
607 1718 752 1782 omnibus
765 1720 895 1804 proeliis
909 1719 1103 1803 discederet,

197 1820 284 1906 quod
306 1841 478 1904 numquam
500 1841 630 1885 manum
653 1829 846 1906 consereret,
867 1824 927 1888 nisi
949 1845 1020 1888 oum
1044 1823 1104 1888 ad·

197 1925 356 1990 versarios
371 1924 517 1987 locorum
530 1925 684 2007 angustiis
700 1924 871 2008 clausisset,
895 1925 981 2011 quod
996 1926 1104 2010 perito

197 2029 367 2111 regionum
400 2025 577 2110 callideque
613 2028 765 2111 cogitanti
797 2048 893 2112 saepe
928 2028 1106 2113 accidebat,

164 2130 478 2216 cAutophrodates,
509 2152 583 2195 cum
610 2132 732 2195 bellum
762 2131 835 2195 duci
865 2131 986 2197 maiore
1016 2131 1108 2214 regis

200 2236 379 2300 calamitate
409 2255 504 2319 quam
534 2234 789 2300 adversariorum
816 2234 958 2318 rideret,
989 2255 1107 2319 pacem

199 2339 307 2402 iniecit
324 2337 548 2421 Datamenque
563 2323 716 2403 hortatus
739 2344 797 2421 est,
819 2344 856 2402 ut
877 2360 949 2403 oum
970 2359 1050 2423 rege
1072 2338 1108 2403 in

164 2476 179 2515 0
201 2442 337 2526 gratiam
365 2439 495 2504 rediret.
541 2440 645 2515 Quam
665 2442 720 2504 ille
747 2443 807 2505 etsi
828 2440 925 2506 fidam
947 2462 1012 2506 non
1033 2442 1108 2508 fors

200 2546 349 2633 putabat,
386 2549 495 2607 tamen
527 2543 748 2607 condicionem
779 2545 902 2630 accepit
932 2565 1030 2630 seque
1064 2545 1109 2610 ad

201 2650 418 2715 Artaxerxem
440 2647 565 2730 legatos
587 2647 757 2710 missurum
781 2646 872 2711 dixit.
905 2647 958 2712 Sic
972 2646 1108 2731 bellum,

202 2751 288 2839 quod
310 2772 370 2814 rex
391 2749 544 2814 adversus
558 2749 721 2813 Datamen
742 2755 935 2835 susceperat,
957 2749 1107 2815 sedatum

203 2856 261 2921 est.
305 2852 570 2938 Autophrodates
592 2853 625 2916 in
647 2853 822 2938 Phrygiam
844 2873 878 2917 11
901 2855 1032 2938 recepit.

169 2989 181 3029 1
267 2958 326 3022 IX.
357 2956 403 3020 At
424 2979 493 3039 rex,
516 2955 604 3040 quod
626 2956 827 3040 implacabile
852 2954 961 3019 odium
982 2957 1015 3019 in
1037 2955 1109 3020 Da-

202 3069 310 3128 tamen
332 3066 533 3146 susceperat,
563 3065 732 3145 postquam
753 3059 839 3123 bello
872 3080 946 3122 eum
969 3059 1110 3144 opprimi

202 3187 268 3230 non
296 3185 390 3249 posse
421 3163 659 3247 animadvertit,
688 3163 809 3227 insidiis
838 3162 1015 3228 interficere
1039 3169 1109 3228 stu·

168 3268 287 3342 aduit:
323 3289 399 3353 quas
430 3268 484 3332 ille
514 3268 682 3353 plerasque
716 3265 855 3330 evitavit.
900 3265 1002 3349 Sicut,
1032 3287 1108 3332 cum

204 3371 233 3436 ei
255 3369 435 3434 nuntiatum
458 3375 542 3434 11111
564 3369 719 3453 quosdam
741 3369 801 3432 sibi
822 3367 974 3450 insidiari,
997 3368 1051 3452 qui
1073 3369 1108 3433 in
