2400 3848
169 234 224 290 100
463 229 544 269 xum.
564 229 708 270 scurrus.
726 229 745 269 a.
759 229 778 269 r.

166 378 305 442 nitionos
338 375 495 461 Antigoni
526 378 603 442 alias
634 376 792 459 incendit,
829 376 907 440 alias
939 375 1074 441 disiecit.

166 481 283 544 Tenuit
306 485 414 544 autem
435 502 470 545 se
493 500 557 546 uno
580 482 663 562 loco,
687 502 783 565 quam
806 479 861 544 diu
880 480 983 544 hiems
1004 480 1075 562 fuit,

167 584 254 669 quod
276 588 380 648 castra
407 584 464 647 sub
498 583 572 648 divo
594 583 714 648 habere
737 604 802 647 non
824 588 961 668 poterat.
1005 582 1076 647 Ver

167 687 458 772 appropinquabat:
503 687 652 750 simulata
689 685 872 767 deditione,
919 686 995 750 dum
1033 685 1075 750 de

167 791 406 856 condicionibus
437 795 568 872 tractat,
599 789 769 875 praefectis
791 789 948 873 Antigoni
970 789 1075 874 impo-

167 895 229 958 suit
250 914 348 978 seque
372 914 409 956 ao
431 914 506 956 suos
525 900 641 956 'omnes
664 893 806 957 extraxit
827 893 1013 956 incolumes.

134 1025 144 1064 1
231 997 288 1061 Vl.
319 996 373 1060 Ad
402 997 487 1061 hunc
515 996 698 1081 Olympias,
726 1001 830 1061 mater
857 1015 938 1081 quae
970 995 1078 1059 fuerat

167 1100 361 1184 Alexandri,
394 1123 468 1166 cum
497 1101 620 1165 litteras
652 1107 685 1165 et
715 1101 843 1165 nuntios
873 1099 1012 1178 misisset
1042 1099 1077 1162 in

168 1205 280 1271 Asiam
308 1207 505 1288 consultum,
535 1211 643 1269 utrum
672 1225 809 1288 regnum
836 1202 1011 1286 repetitum
1042 1202 1077 1265 in

168 1308 391 1374 Macedoniam
405 1310 529 1374 reniret
548 1307 636 1390 (nam
650 1312 720 1372 tum
733 1308 767 1371 in
781 1307 880 1392 Epiro
896 1303 1075 1386 habitabat)

133 1436 146 1474 2
169 1417 202 1476 et
224 1433 279 1476 eas
300 1434 353 1477 res
369 1418 550 1497 occuparet,
571 1413 646 1476 huic
668 1413 722 1476 ille
745 1411 884 1497 primum
901 1410 1010 1491 suasit,
1032 1429 1075 1473 ne

168 1535 203 1578 se
226 1521 372 1579 moveret
387 1521 420 1578 et
435 1520 647 1599 exspectaret,
672 1513 777 1598 quoad
792 1512 972 1578 Alexandri
991 1512 1076 1576 lilius

167 1611 303 1699 regnum
325 1617 569 1701 adipisceretur:
593 1618 642 1681 sin
664 1617 769 1702 aliqua
784 1616 957 1702 cupiditate
979 1637 1078 1702 rape·.

167 1725 256 1783 retur
277 1720 311 1783 in
332 1719 573 1798 Macedoniam,
598 1720 838 1785 oblivisceretur
862 1719 1004 1784 omnium
1025 1718 1075 1783 in-

167 1824 319 1888 iuriarum
349 1830 382 1888 et
408 1825 441 1887 in
470 1825 632 1889 neminem
654 1824 818 1888 acerbiore
841 1828 985 1887 uteretur
1013 1822 1074 1887 im-

132 1927 269 2013 operio.
312 1927 439 1991 Horum
460 1927 516 1991 illa
537 1928 615 1990 nihil
637 1926 728 1991 fecit:
759 1948 834 1990 nam
855 1930 889 1990 et
910 1926 943 1988 in
965 1924 1075 1990 Mace-

169 2030 298 2094 doniam
319 2030 463 2114 profecta
485 2036 534 2094 est
556 2035 590 2094 et
610 2030 655 2094 ibi
670 2029 888 2094 crudelissime
911 2049 945 2092 se
962 2028 1074 2112 gessit.

166 2135 265 2200 Petiit
287 2141 395 2199 autem
423 2135 463 2198 ab
486 2135 631 2198 Eumene
661 2134 810 2214 absente,
838 2153 880 2196 ne
908 2136 1076 2216 pateretur

166 2238 309 2323 Philippi
333 2238 446 2302 domus
468 2259 506 2302 ao
527 2237 665 2301 familiae
685 2235 918 2300 inimicissimos
941 2234 1076 2318 stirpem

168 2360 294 2424 quoque
323 2341 506 2404 interimere
536 2340 696 2423 ferretque
731 2359 826 2422 opem
856 2337 965 2401 liberis
993 2335 1074 2402 Ale·

120 2472 145 2510 .r
166 2442 291 2506 xandri.
337 2442 439 2516 Quam
467 2443 594 2507 reniam
622 2444 649 2506 si
673 2442 779 2523 daret,
811 2462 907 2525 quam
934 2440 1075 2525 primum

167 2547 327 2609 exercitus
357 2550 500 2627 pararet,
532 2565 612 2629 quos
640 2545 700 2608 sibi
722 2544 863 2608 subsidio
887 2542 1073 2609 adduceret.

165 2646 206 2711 Id
237 2667 299 2730 quo
331 2646 453 2710 facilius
483 2646 620 2729 laceret,
651 2667 685 2711 se
719 2647 864 2710 omnibus
891 2646 1072 2731 praefectis,

167 2751 220 2834 qui
249 2751 283 2814 in
312 2750 416 2813 officio
446 2749 634 2831 manebant,
663 2749 785 2814 misisse
808 2750 947 2831 litteras,
976 2755 1013 2812 ut
1042 2751 1073 2814 ei

131 2859 316 2933 sparerent
345 2855 476 2934 eiusque
499 2854 637 2916 consiliis
666 2859 842 2917 uterentur.
887 2852 948 2915 His
975 2852 1073 2916 rebus

165 2955 326 3021 Eumenes
356 2962 521 3036 permotus
550 2956 649 3019 satius
679 2957 784 3037 duxit,
817 2956 844 3018 si
873 2955 918 3018 ita
945 2955 1073 3019 tulisset

164 3058 307 3139 fortuna,
334 3060 440 3138 perire
463 3059 546 3123 bene
568 3059 689 3123 meritis
711 3060 906 3124 referentem
934 3051 1072 3142 gratiam

166 3181 261 3244 quam
282 3163 443 3244 ingratum
464 3161 583 3226 vivere.

129 3298 142 3340 1
229 3263 305 3326 VII.
334 3264 446 3343 Itaque
470 3263 577 3349 copias
591 3265 759 3346 contraxit,
782 3264 902 3329 bellum
917 3262 1071 3327 adversus

164 3364 363 3450 Antigonum
387 3368 591 3449 comparauit.
638 3367 732 3441 Quod
755 3388 819 3431 una
849 3372 939 3431 erant
961 3366 1070 3431 Mace·
