2400 3848
176 260 230 315 118
483 254 551 294 XXII.
571 254 729 293 Hammona.
748 255 766 293 2.
779 255 799 294 3.

173 403 291 467 relictis
314 401 420 466 Sicilia
441 400 645 484 decederent,
667 407 704 464 ut
725 400 952 468 succumbente
974 404 1080 488 patria

173 509 239 590 ipsc
263 508 439 591 periturum
461 527 495 570 se
518 507 625 591 potius
642 504 760 570 dixerit
775 526 871 589 quam
893 525 967 570 cum
985 511 1077 571 tanto

172 610 291 693 flagitio
329 609 459 672 domum
495 608 632 672 rediret:
670 628 735 672 non
772 609 858 671 enim
894 629 969 675 suae
1007 632 1078 677 esse

171 712 296 776 virtutis
325 732 413 775 arma
442 731 461 774 a
489 712 591 794 patria
622 716 753 795 accepta
783 710 937 776 adversus
967 714 1079 778 hostes

172 815 361 880 adversariis
405 813 542 879 tradere.
594 813 699 877 Huius
742 815 936 899 pertinaciae
982 819 1079 883 cessit

174 919 316 984 Catulus.

133 1056 145 1095 1
235 1022 280 1086 H.
307 1020 354 1086 At
368 1022 432 1104 ille,
452 1027 488 1085 ut
503 1020 731 1104 Carthaginem
747 1023 844 1106 venit,
867 1025 967 1087 multo
984 1025 1079 1090 aliter

172 1145 209 1189 aa
231 1130 373 1211 sperarat
394 1147 463 1189 rem
484 1125 645 1208 publicam
667 1146 702 1190 se
724 1126 897 1190 habentem
914 1130 1076 1211 cognovit.

171 1230 317 1314 Namque
334 1229 540 1292 diuturnitate
565 1229 691 1291 externi
712 1229 789 1291 mali
811 1234 934 1292 tantum
957 1234 1078 1296 exarsit

170 1334 356 1397 intestinum
377 1333 512 1413 bellum,
534 1337 571 1394 ut
592 1353 764 1416 numquam
787 1335 821 1397 in
842 1334 912 1417 pari
932 1335 1076 1419 periculo

132 1471 144 1509 2
170 1438 267 1502 fuerit
300 1436 479 1520 Carthago,
516 1436 576 1499 nisi
608 1457 679 1498 cum
713 1436 821 1500 deleta
857 1442 914 1502 est.
964 1437 1076 1503 Primo

171 1541 381 1606 mercennarii
401 1541 529 1622 milites,
552 1539 605 1624 qui
629 1539 782 1604 adversus
803 1539 968 1604 Romanos
990 1541 1076 1607 feee-

171 1652 258 1728 rant,
288 1644 505 1710 desciverunt:
536 1665 672 1728 quorum
694 1665 845 1708 numerus
873 1650 942 1708 erat
963 1645 1077 1729 viginti

171 1750 301 1812 milium.
346 1747 391 1811 Hi
419 1752 520 1810 totam
544 1747 763 1810 abalienarunt
783 1745 942 1829 Africam,
973 1747 1077 1831 ipsam

129 1871 142 1910 s
172 1851 398 1935 Carthaginem
429 1855 663 1935 oppugnarunt.
715 1849 837 1922 Quibus
867 1849 959 1913 malis
992 1849 1075 1915 adeo

170 1961 243 2018 sunt
257 1955 360 2019 Poeni
374 1954 546 2040 perterriti,
567 1959 603 2016 ut
620 1953 716 2016 etiam
732 1953 851 2016 auxilia
865 1953 905 2017 ab
920 1952 1077 2018 Romanis

168 2059 334 2145 petierint;
357 2078 458 2142 eaque
480 2057 699 2141 impetrarunt.
737 2054 802 2119 Sed
821 2060 979 2135 extremo,
1002 2077 1076 2122 oum

168 2183 270 2246 prope
285 2162 348 2225 iam
366 2160 407 2224 ad
423 2159 680 2244 desperationem
696 2159 925 2243 pervenissent,
948 2157 1074 2222 Hamil·

128 2289 142 2326 4
170 2285 275 2328 caram
291 2265 518 2348 imperatorem
533 2261 687 2326 fecerunt.
717 2260 750 2324 Is
765 2280 830 2324 non
845 2261 950 2324 solum
964 2262 1076 2329 hostes

169 2387 188 2430 a
209 2367 307 2429 muris
331 2365 532 2449 Carthaginis
561 2364 715 2446 removit,
746 2384 817 2427 cum
840 2365 975 2449 amplius
999 2386 1075 2432 oen·

168 2474 236 2531 tum
259 2469 347 2532 milia
368 2469 452 2531 facta
474 2472 580 2533 essent
602 2472 807 2550 armatorum,
832 2469 891 2532 sed
913 2469 1011 2534 etiam
1034 2491 1075 2536 eo

169 2573 333 2657 compulit,
354 2578 390 2635 ut
411 2572 556 2635 locorum
571 2571 723 2654 angustiis
739 2571 837 2634 clausi
858 2571 966 2655 plures
988 2572 1076 2639 fame

169 2697 263 2761 quam
285 2676 369 2739 ferro
393 2675 569 2738 interirent.
606 2673 722 2737 Omnia
744 2673 863 2758 oppida
884 2672 1075 2759 abalienata,

166 2781 199 2843 in
214 2782 263 2844 his
277 2780 406 2844 Uticam
421 2785 515 2863 atque
531 2777 725 2861 Hipponem,
744 2776 960 2841 valentissima
975 2779 1074 2844 totius

128 2908 140 2946 s
167 2883 313 2966 Africae,
344 2883 482 2948 restituit
509 2884 642 2966 patriae.
687 2880 801 2965 Neque
834 2902 873 2945 eo
905 2882 965 2945 fuit
996 2903 1073 2946 con·

167 2993 288 3069 tentus,
318 2986 377 3050 sed
399 2987 497 3050 etiam
519 2985 597 3049 fines
619 2985 745 3069 imperii
768 2984 974 3068 propagavit,
1003 2989 1075 3049 tota

166 3091 277 3154 Africa
302 3094 427 3152 tantum
456 3088 557 3150 otium
578 3086 736 3170 reddidit,
764 3092 801 3150 ut
822 3089 945 3152 nullum
970 3088 1004 3151 in
1034 3109 1074 3153 ea

167 3192 287 3256 bellum
308 3190 472 3256 videretur
493 3189 602 3251 multis
625 3191 714 3252 annis
735 3190 843 3254 furiose.

128 3322 139 3360 1
230 3295 292 3360 ΙΠ.
322 3294 432 3358 Rebus
462 3293 511 3356 his
541 3313 584 3356 ex
611 3293 770 3356 sententia
791 3293 929 3377 peractis
960 3291 1073 3359 fidenti

167 3399 273 3461 animo
296 3403 391 3476 atque
406 3396 522 3459 infesto
538 3394 702 3477 Romanis,
726 3415 789 3478 quo
806 3395 928 3459 facilius
943 3415 1072 3461 oausam
