2400 3848
494 261 552 302 xv1.
571 261 737 302 PELOPIDAS.
757 261 776 301 1.

582 427 674 490 XVI.

487 568 771 643 PELOPIDAS.

144 751 155 789 1
242 723 268 788 I.
297 724 519 808 Pelopidas
541 725 772 806 Thebanus,
800 723 902 806 magis
924 721 1085 788 historicis

178 848 273 911 quam
301 829 398 912 vulgo
430 834 535 892 notus.
582 827 679 920 Cuius
709 828 749 893 de
779 828 948 892 virtutibus
972 827 1084 890 dubito

179 953 273 1016 quem
296 931 490 995 admodum
513 952 690 1016 exponam,
720 931 807 1016 quod
828 951 960 1012 vereor,
984 931 1011 992 si
1031 950 1085 992 res

179 1036 339 1121 explicare
361 1037 526 1120 ine'ipiam,
554 1058 595 1101 ne
624 1057 690 1100 non
711 1036 809 1099 vitam
833 1035 900 1098 eins
924 1053 1084 1112 enarrare,

178 1138 236 1202 sed
269 1139 435 1203 historiam
465 1140 577 1204 ridear
611 1140 766 1204 seribere:
803 1139 829 1202 si
860 1134 1082 1201 tantummodo

177 1265 316 1307 summas
339 1245 492 1327 attigero,
525 1265 566 1308 ne
589 1244 720 1308 rudibus
745 1243 941 1307 Graecarum
962 1241 1084 1304 littera·

176 1369 248 1412 rum
270 1350 373 1413 minus
397 1349 535 1414 dilucide
559 1353 720 1434 appareat,
754 1352 888 1432 quantus
911 1345 1007 1409 fuerit
1028 1343 1084 1408 ille

177 1452 235 1516 vir.
258 1452 371 1537 Itaque
383 1455 508 1538 utrique
521 1454 570 1517 rei
581 1473 756 1532 occurram,
773 1456 925 1536 quantum
959 1454 1085 1534 potero,

178 1560 211 1619 et
233 1555 389 1619 medebor
412 1576 485 1619 eum
507 1555 647 1619 satietati
669 1559 738 1618 tum
759 1553 958 1638 ignorantiae
981 1552 1084 1614 leoto-

148 1676 258 1721 2rum.
303 1657 486 1721 Phoebidas
501 1658 787 1739 Lacedaemonius,
811 1677 883 1720 eum
907 1655 1085 1720 exereitum

179 1759 354 1845 Olynthum
386 1760 519 1827 duceret
548 1763 672 1847 iterque
706 1783 764 1847 per
795 1760 921 1825 Thebas
952 1761 1085 1840 faceret,

178 1885 284 1928 arcem
300 1865 418 1949 oppidi,
443 1886 524 1950 quae
542 1865 683 1931 Cadmea
701 1866 892 1947 nominatur,
917 1864 1086 1948 occupavit

177 1966 316 2051 impulsu
337 1988 512 2052 paucorum
534 1969 769 2051 Thebanorum,
794 1969 858 2053 qui,
882 1968 1084 2032 adversariae

177 2069 307 2134 factioni
334 2093 396 2156 quo
420 2073 543 2136 facilius
565 2074 766 2156 resisterent,
795 2073 960 2136 Laeonum
987 2072 1085 2136 rebus

179 2174 365 2257 studebant,
395 2175 491 2260 idque
521 2197 578 2240 suo
601 2177 744 2260 priuato,
773 2196 839 2240 non
858 2176 985 2260 publioo
1008 2175 1086 2239 feeit
1151 2209 1154 2215 ⁴

146 2303 158 2344 a
179 2279 320 2342 oonsilio.
351 2279 421 2353 Quo
438 2281 521 2344 faoto
534 2302 607 2344 eum
619 2279 869 2344 Lacedaemonii
884 2281 923 2344 ab
940 2280 1085 2344 exercitu

178 2388 384 2446 removerunt
421 2383 619 2467 pecuniaque
658 2383 849 2446 multarunt:
893 2403 998 2466 neque
1043 2404 1084 2447 eo

180 2485 280 2567 magis
303 2506 409 2548 arcem
424 2485 582 2549 Thebanis
602 2484 821 2570 reddiderunt,
844 2486 932 2571 quod
954 2507 1085 2571 suseep-

179 2587 218 2649 tis
241 2588 410 2651 inimicitiis
440 2590 536 2652 satius
561 2589 720 2653 dueebant
747 2610 803 2653 eos
827 2590 966 2654 obsideri
989 2611 1086 2674 quam

178 2690 316 2756 liberari.
361 2692 444 2755 Nam
466 2698 539 2775 post
553 2691 825 2776 Peloponnesium
847 2693 968 2757 bellum
980 2692 1084 2756 Athe·

179 2815 298 2878 nasque
337 2794 477 2858 devictas
515 2816 587 2858 oum
617 2795 777 2859 Thebanis
815 2795 874 2860 sibi
907 2817 976 2860 rem
1014 2817 1086 2860 esse

181 2897 405 2962 existimabant
439 2904 472 2961 et
504 2918 559 2961 eos
591 2920 660 2963 esse
697 2901 802 2978 solos,
840 2901 894 2985 qui
932 2901 1086 2965 adversus

151 3001 328 3066 4resistere
346 3001 510 3066 auderent.
555 3002 627 3066 Hae
649 3009 756 3068 mente
780 3004 888 3068 amieis
910 3005 974 3067 suis
997 3026 1083 3068 sum-

179 3124 246 3167 mas
260 3111 437 3188 potestates
454 3105 609 3170 dederant
624 3106 816 3191 alteriusque
832 3106 979 3171 factionis
996 3108 1084 3191 prin-

180 3208 265 3291 cipes
305 3210 422 3293 partim
457 3208 701 3291 interfecerant,
747 3211 826 3273 alios
863 3211 895 3272 in
935 3210 1083 3274 exsilium

180 3311 355 3375 eiecerant:
384 3312 417 3374 in
440 3312 552 3396 quibus
575 3302 749 3398 Pelopidas
771 3315 832 3396 hio,
856 3315 896 3377 de
920 3335 982 3398 quo
1006 3317 1082 3379 sori-

179 3413 256 3477 bere
281 3415 388 3477 exorsi
411 3434 528 3495 sumus,
552 3415 660 3498 pulsus
683 3418 786 3500 patria
809 3416 945 3480 carebat.
