2400 3848
435 263 497 303 xm.
517 262 692 304 rrnornnos.
712 265 730 304 a.
998 269 1036 324 63

125 412 291 476 niensibus
313 413 439 498 imperii
461 414 613 477 maritimi
632 413 845 499 principatum
868 407 1060 476 conoesse·'

128 523 202 578 runt
217 537 393 601 pacemque
417 518 455 581 iis
475 519 600 603 legibus
617 520 858 600 constituerunt,
881 522 918 581 ut
931 515 1035 580 Athe-

127 619 256 683 nienses
276 621 356 683 mari
379 620 476 686 duces
500 628 615 687 essent.
661 622 750 696 Quae
771 621 906 687 victoria
926 626 1034 684 tantae
1158 619 1161 622 ’

127 720 189 784 fuit
210 720 325 787 Atticis
350 725 507 808 laetitiae,
539 731 574 789 ut
596 731 664 789 tum
686 727 823 811 primum
856 745 929 788 arae
958 722 1037 786 Paci

128 825 255 908 publice
279 827 342 890 sint
364 827 466 892 factae
490 828 583 913 eique
614 828 692 894 deae
715 828 862 914 pulvinar
884 827 924 890 sit
946 825 1035 889 insti-

127 931 243 991 tutum.
283 927 380 991 Cuius
402 929 505 992 laudis
528 936 564 993 ut
579 932 734 994 memoria
749 936 903 1012 maneret,
926 929 1035 993 Timo·
1057 959 1071 998 s

127 1032 205 1093 theo
237 1031 364 1116 publice
399 1037 536 1095 statuam
572 1033 606 1095 in
641 1034 709 1097 foro
743 1038 928 1117 posuerunt.
974 1031 1037 1104 Qui

129 1131 232 1196 honos
254 1133 328 1197 huic
354 1134 410 1198 uni
433 1133 474 1198 ad
496 1133 530 1198 id
552 1140 678 1219 tempus
702 1136 853 1219 contigit,
882 1140 933 1218 ut,
964 1156 1036 1198 oum

128 1235 213 1316 patri
245 1235 384 1319 populus
421 1242 558 1299 statuam
590 1238 768 1321 posuisset,
807 1238 871 1301 filio
909 1257 1036 1322 quoque

129 1336 230 1401 daret.
269 1337 320 1401 Sic
342 1340 433 1402 iuxta
453 1340 558 1423 posita
573 1360 686 1403 recens
708 1340 764 1404 filii
779 1345 923 1405 veterem
938 1340 1037 1423 patris

129 1441 297 1504 renovavit
319 1445 519 1508 memoriam.

194 1544 257 1610 IH.
285 1546 349 1610 Hic
366 1567 437 1610 cum
453 1553 538 1612 esset
551 1567 668 1630 magno
684 1552 762 1610 natu
785 1551 818 1610 et
833 1545 1036 1628 magistratus
1059 1576 1070 1614 1

129 1668 244 1731 gerere
269 1648 412 1732 desisset,
435 1649 521 1714 bello
537 1648 752 1714 Athenienses
772 1647 913 1733 undique
934 1649 1037 1732 premi

130 1758 203 1817 sunt
226 1754 342 1837 coepti.
387 1753 561 1818 Defecerat
583 1753 705 1833 Samus,
730 1751 887 1816 descierat
906 1750 1036 1815 Helles·

121 1861 257 1942 pontus,
281 1856 447 1941 Philippus
469 1858 533 1919 iam
554 1862 623 1918 tum
646 1856 756 1919 valens
777 1853 913 1918 Macedo
936 1855 1038 1917 multa

130 1959 337 2022 moliebatur:
364 1959 414 2021 cui
439 1959 603 2042 oppositus
620 1957 741 2023 Chares
764 1977 836 2019 cum
854 1961 949 2038 esset,
970 1976 1037 2018 non

130 2063 208 2125 satis
232 2062 266 2125 in
294 2081 334 2126 eo
357 2062 508 2146 praesidii
529 2062 709 2147 putabatur.
755 2060 808 2123 Fit
830 2059 1036 2123 Menestheus
1059 2090 1072 2127 a

131 2169 277 2248 praetor,
313 2164 396 2227 filius
426 2163 613 2248 Iphicratis,
650 2183 750 2246 gener
781 2161 960 2243 Timothei,
993 2166 1035 2243 et,

129 2274 167 2332 ut
203 2266 245 2350 ad
280 2267 402 2332 bellum
438 2267 675 2352 proficiscatur,
715 2264 906 2329 decernitur.
951 2262 1037 2327 Huic

129 2373 163 2437 in
186 2371 352 2436 consilium
376 2371 491 2435 dantur
520 2370 582 2436 duo
612 2391 672 2434 usu
702 2369 920 2454 sapientiaque
943 2388 1035 2452 prae·

129 2481 267 2558 stantes,
290 2480 383 2560 pater
411 2479 444 2539 et
466 2494 574 2555 socer,
605 2471 692 2558 quod
719 2472 753 2535 in
781 2471 830 2534 his
857 2476 945 2534 tanta
967 2476 1036 2535 erat

125 2577 318 2660 auotoritas,
350 2582 386 2641 ut
407 2596 524 2660 magna
546 2597 619 2661 spes
643 2580 728 2639 esset
755 2595 813 2659 per
828 2566 829 2569 '
843 2594 899 2638 eos
922 2575 1037 2638 amissa

131 2699 226 2765 posse
241 2679 433 2764 recuperari.
478 2678 507 2742 Ii
529 2698 604 2742 cum
617 2676 748 2741 Samum
769 2676 906 2761 profecti
929 2683 1037 2741 essent
1059 2710 1071 2748 ³

132 2788 166 2846 et
189 2781 306 2846 eodem
330 2781 451 2847 Chares
479 2782 608 2846 illorum
639 2779 780 2844 adventu
811 2780 940 2862 cognito
965 2801 1037 2843 oum
1162 2809 1166 2817 ·

129 2883 196 2947 suis
227 2885 327 2969 copiis
356 2885 629 2970 proficisceretur,
658 2905 700 2949 ne
732 2882 808 2968 quid
839 2884 970 2946 absente
1002 2904 1035 2948 se

130 2991 260 3071 gestum
304 2987 487 3071 videretur,
527 2987 663 3069 accidit,
706 3006 778 3050 cum
820 2983 862 3048 ad
900 2984 1036 3048 insulam

130 3090 438 3175 appropinquarent,
467 3096 503 3153 ut
531 3111 648 3173 magna
676 3094 850 3173 tempestas
875 3094 1036 3153 oreretur:

131 3213 229 3278 quam
252 3193 371 3258 evitare
396 3193 459 3257 duo
475 3200 602 3259 veteres
620 3195 831 3278 imperatores
852 3193 930 3256 utile
954 3193 1036 3256 arbi-

126 3297 208 3360 >trati
230 3317 320 3360 suam
343 3297 476 3360 classem
493 3303 747 3383 suppresserunt.
792 3296 838 3360 At
858 3298 911 3362 ille
934 3303 1036 3362 teme·
1059 3335 1072 3371 4

129 3401 216 3463 naria
251 3421 327 3465 usus
363 3401 487 3465 ratione
530 3421 596 3465 non
633 3402 728 3465 cessit
767 3401 924 3465 maiorum
949 3407 1037 3464 'natu

843 3503 882 3554 4*
