2400 3848
433 241 471 280 vr.
490 240 651 280 1111111111.
671 241 690 280 a.
977 217 1014 295 29

106 392 265 456 ratoribus
295 392 358 456 suis
387 396 582 475 nouerant,
613 390 760 476 dispalati
788 392 822 455 in
851 389 935 473 agris
962 407 1014 451 re·
1057 461 1060 468 ¹

106 497 189 559 lictis
219 495 353 560 navibus
383 494 417 557 in
447 494 587 557 hostium
620 498 778 558 veneumt
808 495 1013 577 potestatem.

107 599 179 673 Quo
211 599 293 662 facto
323 582 538 662 Athenienses
567 618 601 661 se
625 596 891 662 Lacedaemoniis
923 593 1013 658 dedi·

110 702 234 766 derunt.
270 700 342 766 Hac
357 702 491 766 victoria
505 701 672 788 Lysander
690 703 800 784 elatus,
825 722 897 765 cum
920 703 1015 768 antea
1036 722 1049 761 1

109 826 237 891 semper
262 806 413 870 factiosus
444 806 617 892 audaxque
644 807 772 888 fuisset,
801 805 846 869 sio
877 802 937 867 sibi
965 802 1013 865 in-

111 909 221 994 dulsit,
252 916 289 976 ut
312 912 380 976 eius
404 932 503 995 opera
525 912 756 991 inmaximum
779 908 889 973 odium
913 905 1013 970 Grae-

109 1015 176 1079 cias
199 1014 450 1080 Lacedaemonii
471 1017 684 1099 pervenerint.
728 1014 812 1079 Nam
839 1032 911 1076 cum
932 1009 1014 1073 hanc
1037 1031 1049 1068 1

108 1138 236 1182 causam
257 1118 507 1183 Lacedaemonii
531 1117 729 1196 dictitassent
752 1117 812 1181 sibi
834 1136 904 1180 esse
927 1113 1014 1194 belli,

109 1226 144 1284 ut
171 1220 418 1286 Atheniensium
447 1222 658 1306 impotentem
681 1221 933 1284 dominationem
963 1238 1014 1281 re·

108 1322 296 1407 fringerent,
319 1329 489 1408 postquam
512 1323 598 1407 apud
620 1322 731 1408 Aegos
753 1323 872 1385 flumen
892 1321 1014 1406 Lysan-

109 1425 167 1489 der
191 1427 298 1490 classis
321 1428 462 1491 hostium
492 1432 541 1491 est
568 1429 705 1512 potitus,
734 1428 814 1491 nihil
837 1425 923 1491 aliud
945 1446 1015 1488 mo·

108 1529 183 1593 litus
206 1536 254 1594 est
279 1553 375 1616 quam
396 1537 432 1595 ut
455 1552 567 1595 omnes
590 1532 734 1596 civitates
756 1533 789 1596 in
811 1552 868 1595 sua
889 1535 1017 1594 teneret

108 1639 287 1718 potestate,
323 1656 395 1699 cum
426 1634 460 1699 id
492 1657 526 1700 se
557 1635 889 1700 Lacedaemoniorum
922 1655 1017 1696 causa

110 1736 213 1802 facere
244 1739 417 1802 simularet.
462 1738 608 1824 Namque
638 1738 796 1823 undique,
828 1738 882 1823 qui
912 1734 1051 1799 Athe-c

110 1842 266 1904 niensium
288 1843 383 1906 rebus
406 1841 621 1926 studuissent,
652 1844 761 1907 eiectis
790 1841 904 1904 decem
928 1839 1015 1904 dele·

110 1949 202 2026 gerat
224 1946 257 2007 in
278 1966 467 2029 unaquaque
484 1947 622 2029 civitate,
646 1947 760 2030 quibus
775 1966 934 2008 summum
956 1944 1015 2005 im·

110 2048 235 2131 perium
244 2053 499 2133 potestatemque
512 2051 655 2113 omnium
669 2070 776 2113 rerum
789 2049 1015 2111 committeret.

111 2151 237 2215 Horum
260 2153 293 2215 in
315 2173 483 2216 numerum
510 2174 605 2217 nemo
629 2152 857 2216 admittebatur
878 2152 940 2213 nisi
962 2149 1016 2234 qui

109 2260 164 2317 aut
194 2255 261 2317 eius
284 2254 423 2339 hospitio
449 2255 669 2320 continebatur
693 2262 747 2318 aut
777 2277 811 2320 se
835 2255 918 2318 illius
945 2253 1015 2318 fore

112 2361 275 2444 proprium
295 2359 367 2424 fide
384 2360 594 2424 confirmarat.

174 2464 218 2528 ΙΙ.
248 2464 300 2527 111
315 2463 521 2527 decemvirali
536 2469 696 2550 potestate
718 2463 752 2527 in
768 2463 915 2526 omnibus
930 2462 1015 2526 urbi·
1038 2486 1049 2524 1

110 2566 168 2630 bus
184 2568 356 2631 constituta
371 2568 470 2652 ipsius
481 2573 561 2632 nutu
574 2567 680 2631 omnia
691 2567 894 2650 gerebantur.
919 2565 1017 2632 Ouius

111 2670 152 2733 de
185 2669 373 2734 crudelitate
406 2692 442 2734 ac
473 2671 608 2756 perfidia
639 2673 713 2745 satis
746 2678 794 2736 est
823 2693 920 2735 unam
948 2692 1017 2735 rem

111 2774 251 2856 exempli
267 2774 369 2857 gratia
383 2774 537 2858 proferre,
559 2796 599 2838 ne
625 2774 665 2839 de
690 2774 807 2839 eodem
824 2775 917 2859 plura
940 2795 1016 2837 enu-

112 2876 264 2940 merando
296 2878 507 2962 defatigemus
538 2879 687 2943 lectores.
731 2877 845 2941 Victor
877 2899 918 2942 ex
939 2873 1050 2939 Asiae
1125 2926 1127 2930 .

112 2999 184 3042 cum
216 2986 433 3045 reverteretur
463 2981 673 3066 Thasumque
701 2981 896 3064 divertisset,
930 2980 1017 3065 quod

112 3104 152 3147 ea
171 3084 282 3162 vcivitas
296 3087 468 3170 praecipua
489 3085 553 3149 fide
574 3086 678 3149 fuerat
701 3105 778 3168 erga
792 3084 1016 3168 Athenienses,

112 3186 247 3272 proinde
271 3209 307 3251 ac
330 3189 356 3252 si
378 3187 478 3252 iidem
502 3210 568 3253 non
589 3188 761 3252 firmissimi
783 3187 924 3251 solerent
946 3209 1015 3253 esse

112 3291 215 3374 amici,
259 3291 292 3354 ui
315 3297 496 3356 constantes
518 3291 652 3356 fuissent
673 3291 808 3373 inimici,
831 3297 1017 3376 pervertere

112 3416 184 3458 cam
207 3396 397 3480 concupivit.
442 3394 534 3458 Vidit
556 3401 682 3478 autem,
708 3394 768 3458 nisi
790 3394 824 3458 in
847 3415 886 3459 eo
911 3394 1016 3459 occul·
1038 3425 1054 3463 1
