2400 3848
173 275 227 332 122
459 273 550 312 xxm·
560 273 718 312 HANNIBAL
737 274 757 312 4.
770 274 789 312 1.

136 417 223 483 1Α11
253 418 354 505 Alpes
369 424 595 505 *posteaquam
626 420 731 502 venit,
765 440 846 504 quae
877 417 1004 482 Italiam
1034 418 1075 482 ab
1126 499 1130 506 Ι

170 522 274 587 Gallia
289 524 469 606 seiungunt,
493 543 570 608 quas
592 543 688 587 nemo
702 525 862 607 'umquam
884 543 957 585 cum
980 542 1075 587 exar-

169 626 234 689 citu
248 632 321 691 ante
338 648 411 691 eum
426 631 554 711 praeter
565 625 741 689 Herculem
758 625 890 688 Graium
905 614 1077 690 transierat
1104 613 1106 616 ’

145 729 246 815 -(qu0
277 730 360 794 facto
397 730 424 794 is
456 729 553 793 hodie
587 730 686 792 saltus
716 727 833 809 Graius
870 727 1076 812 appellatur),

167 830 300 916 Alpicos
324 838 475 896 conantes
490 832 661 917 prohibere
682 832 816 896 transitu
832 831 980 914 concidit,
1002 832 1077 895 loca

167 935 328 1019 patefecit,
349 936 464 999 itinera
480 936 603 1018 muniit,
627 936 742 1019 effecit,
765 942 801 999 ut
824 957 863 999 ea
886 935 1075 1019 elephantus

169 1043 298 1102 ornatus
320 1039 366 1103 ire
388 1045 508 1124 posset,
531 1060 593 1124 qua
615 1045 710 1104 antea
724 1061 804 1103 nnus
823 1039 920 1102 homo
944 1038 1075 1102 inermis

167 1141 223 1205 vix
243 1147 372 1226 poterat
393 1164 518 1228 repere.
563 1144 635 1208 Hac
657 1145 764 1228 copias
788 1142 931 1206 traduxit
952 1142 986 1205 in
1007 1140 1074 1205 Ita-

166 1245 306 1330 liamque
328 1247 486 1330 pervenit.

133 1377 145 1416 1
230 1348 289 1413 IV.
319 1349 516 1414 Conflixerat
531 1351 617 1435 apud
631 1351 827 1415 Rhodanum
850 1370 923 1414 cum
938 1348 975 1413 P.
993 1348 1075 1412 011-

166 1452 251 1516 11111
276 1452 424 1536 Scipione
453 1455 584 1519 consule
608 1475 744 1539 eumque
767 1455 945 1540 pepulerat.
992 1452 1075 1516 Cum

166 1553 229 1616 hcc
250 1553 367 1617 eodem
391 1554 536 1618 Clastidii
565 1556 650 1641 apud
673 1556 798 1620 Padum
828 1556 971 1621 decernit
1000 1576 1073 1618 sau·

133 1657 314 1741 2ciumque
336 1657 413 1722 inde
440 1679 477 1722 ac
499 1660 644 1743 fugatum
668 1661 808 1724 dimittit.
853 1661 962 1724 Tertio
985 1659 1074 1724 idem

167 1759 273 1844 Scipio
297 1781 369 1824 oum
393 1761 518 1844 collega
539 1762 666 1826 Tiberio
685 1763 799 1846 Longo
822 1762 906 1846 apud
922 1762 1073 1826 Trebiam

165 1862 318 1928 adversus
341 1885 416 1928 eum
434 1865 531 1929 venit.
577 1866 659 1930 Cum
681 1866 719 1929 iis
742 1886 871 1929 manum
894 1865 1071 1930 conseruit:

165 1973 318 2052 utrosque
334 1969 524 2051 profligavit.
547 1968 629 2033 lude
644 1990 702 2053 per
716 1968 851 2052 Ligdres
865 1967 1073 2051 Apenninum

130 2110 143 2149 θ
165 2071 290 2134 transiit
304 2076 417 2154 petens
432 2071 603 2136 Etruriam.
641 2072 715 2136 Hoc
737 2074 850 2136 itinere
875 2071 957 2135 adeo
981 2073 1075 2155 gravi>

165 2174 277 2237 morbo
307 2173 453 2237 adficitur
483 2176 665 2259 oculorum,
697 2182 733 2239 ut
761 2180 876 2259 postca
896 2194 1071 2258 numquam

166 2274 300 2338 dextero
334 2296 435 2359 aeque
467 2276 549 2340 bene
582 2298 657 2340 usus
689 2278 738 2341 sit.
785 2277 856 2350 Qua
885 2276 1070 2341 valetudine

165 2398 237 2440 cum
275 2378 440 2442 etiamtum
476 2386 677 2463 premeretur
712 2382 890 2466 lecticaque
925 2382 1070 2464 ferretur,

165 2480 201 2545 O.
224 2481 416 2546 Flaminium
446 2483 610 2546 consulem
640 2484 726 2567 apud
748 2484 968 2546 Trasimenum
998 2504 1071 2546 cum

165 2585 309 2648 exercitu
320 2584 441 2648 insidiis
454 2587 707 2651 circumventum
720 2586 836 2650 occidit
846 2606 951 2669 neque
967 2586 1068 2649 multo

110 2726 112 2730 ·
163 2694 236 2773 post
260 2688 295 2752 Ο.
317 2687 509 2753 Centenium
531 2697 715 2774 praetorem
739 2711 810 2754 cum
827 2689 952 2753 delecta
973 2709 1071 2752 manu

129 2792 260 2866 4saltus
291 2798 510 2875 occupantem.
554 2793 640 2856 Hinc
667 2793 701 2855 in
729 2791 881 2878 Apuliam
911 2791 1068 2874 pervenit.

163 2893 213 2956 Ibi
236 2893 360 2957 obviam
385 2894 416 2957 ei
437 2900 595 2957 venerunt
620 2895 682 2958 duo
707 2896 864 2976 consules,
889 2893 924 2957 O.
947 2893 1068 2957 Teren-

162 2998 225 3059 tius
257 3001 290 3060 ct
320 2995 357 3059 L.
389 2994 557 3059 Aemilius.
601 2996 775 3082 Utriusque
811 2997 970 3062 exercitus
1002 3018 1067 3060 uno

162 3099 286 3183 proelio
310 3099 442 3181 fugarit,
470 3099 606 3162 Paulum
629 3101 793 3164 consulem
817 3098 933 3163 occidit
955 3104 988 3162 et
1010 3099 1068 3162 ali-

164 3208 242 3286 quot
263 3207 431 3286 praeterea
454 3204 651 3284 consulares,
684 3205 718 3266 in
748 3205 785 3268 iis
816 3204 873 3268 On.
898 3203 1069 3268 Servilium

165 3305 346 3386 Geminum,
369 3305 424 3389 qui
445 3306 609 3390 superiore
632 3327 715 3370 anno
738 3307 841 3372 fuerat
864 3305 999 3370 consul..

130 3442 141 3482 1
228 3407 268 3472 V.
297 3407 369 3470 Hac
390 3428 499 3492 pugna
518 3416 659 3494 pugnata
673 3409 812 3474 Romam
833 3408 995 3494 profectus
1019 3412 1069 3472 est
