2400 3848
189 217 225 273 9ss
439 207 441 211 ’
500 218 581 258 xvrrr.
601 219 743 260 nonanus.
761 221 780 259 a

188 366 248 429 nisi
278 366 414 431 honesto
447 369 518 431 loco
552 375 585 431 et
614 368 678 433 fide
711 375 743 434 et
770 368 927 433 industria
954 369 1094 452 cognita,

189 469 275 553 quod
297 492 428 535 necesse
459 476 508 546 est
530 472 671 535 omnium
695 473 899 536 consiliorum
927 493 1000 536 eum
1023 493 1094 536 csse

153 574 385 658 spartioipem.
429 573 526 639 Hunc
554 575 662 639 locum
690 577 794 640 tenuit
820 575 977 639 amicitiae
1008 575 1095 659 apud

187 676 370 761 Philippum
393 699 492 742 annos
516 685 649 763 septem.
694 679 755 742 illo
783 679 951 744 interfecto
976 678 1096 744 eodem

186 782 289 864 gradu
320 783 380 845 fuit
418 783 503 867 apud
533 782 757 847 Alexandrum
794 804 895 847 annos
926 782 1093 847 tredecim.

187 885 370 948 Novissimo
394 891 539 970 tempore
572 886 709 971 praefuit
740 886 836 950 etiam
859 886 951 950 alteri
1004 886 1096 968 equi-

187 994 256 1051 tum
278 989 358 1070 alae,
381 1010 461 1073 quae
484 988 658 1054 Hetaerice
682 990 913 1074 appellabatur.
957 987 1094 1072 Utrique

188 1097 296 1155 autem
317 1091 351 1154 in
373 1092 505 1156 consilio
522 1114 649 1177 semper
664 1092 765 1156 adfuit
781 1099 813 1156 et
830 1093 971 1156 omnium
986 1112 1095 1156 rerum

187 1195 313 1259 habitus
337 1202 386 1260 est
407 1197 578 1282 particeps.

155 1320 166 1357 1
252 1298 296 1363 Π.
325 1299 513 1363 Alexandro
537 1299 704 1384 Babylone
727 1305 872 1382 mortuo,
901 1321 973 1363 cum
995 1321 1097 1383 regna

189 1402 319 1486 singulis
342 1403 546 1468 familiaribus
577 1403 819 1488 dispertirentur
841 1409 874 1468 et
896 1424 1022 1468 summa
1042 1424 1096 1468 re·

189 1528 259 1571 rum
281 1508 398 1571 tradita
428 1514 512 1573 esset
539 1508 660 1572 tuenda
683 1508 804 1590 eidem,
834 1508 885 1571 cui
906 1506 1096 1572 Alexander

154 1635 167 1673 a
189 1612 327 1686 moriens
344 1612 473 1674 anulum
488 1633 580 1675 suum
598 1611 740 1693 dederat,
763 1611 936 1675 Perdiccae
957 1610 1014 1691 (ex
1029 1631 1095 1695 quo

190 1735 300 1778 omnes
330 1715 532 1779 coniecerant
561 1737 635 1779 eum
663 1736 798 1799 regnum
828 1716 859 1779 ei
887 1714 1095 1796 commisisse,

188 1816 295 1901 quoad
317 1818 409 1881 liberi
438 1818 504 1882 eius
530 1819 564 1882 in
586 1839 677 1882 suam
698 1810 833 1884 tutelam
854 1819 1094 1906 pervenissent:

189 1921 298 1985 aberat
314 1923 399 1986 enim
415 1922 564 1988 Crateros
580 1930 613 1987 et
626 1923 807 2008 Antipater,
831 1923 885 2007 qui
900 1922 1094 1987 antecedere

188 2024 271 2089 hunc
290 2026 495 2107 videbantur3
519 2032 663 2090 mortuus
679 2034 746 2090 erat
761 2026 973 2110 Hephaestio,
997 2046 1095 2110 quem

188 2149 286 2191 unum
316 2129 522 2212 Alexander,
557 2130 644 2214 quod
674 2131 766 2196 facilc
797 2131 942 2214 intellegi
973 2135 1094 2216 posset,
1164 2200 1165 2203 Ἴ

188 2232 315 2316 plurimi
338 2233 487 2314 fecerat),
516 2233 578 2297 hoo
608 2241 752 2317 tempore
782 2234 855 2297 data
886 2239 934 2299 est
955 2233 1094 2298 Eumeni

191 2333 396 2418 Cappadocia
422 2336 489 2399 sive
511 2336 618 2419 potius
643 2335 742 2398 dicta:
772 2357 846 2399 nam
874 2343 943 2400 tum
971 2336 1004 2400 in
1033 2337 1094 2400 ho·

154 2469 166 2507 a
189 2441 284 2503 stium
312 2444 381 2501 erat
409 2443 578 2522 potestate.
623 2438 719 2502 Hunc
747 2442 807 2504 sibi
835 2441 1006 2506 Perdiccas
1035 2440 1092 2504 ad·

188 2542 336 2605 iunxerat
365 2562 481 2625 magno
506 2543 629 2624 studio,
662 2542 748 2626 quod
776 2545 809 2606 in
837 2544 966 2608 homine
995 2543 1093 2608 fidem
1156 2623 1160 2631 ι

189 2651 222 2710 et
244 2645 431 2708 industriam
452 2666 600 2728 magnam
622 2646 767 2729 videbat,
790 2668 856 2710 non
879 2648 1043 2729 dubitans,
1066 2648 1094 2711 si

189 2771 263 2814 eum
277 2748 472 2834 pellexisset,
496 2769 612 2832 magno
628 2750 699 2812 usui
713 2750 782 2813 fore
799 2750 858 2813 sibi
879 2751 912 2814 in
935 2751 972 2813 iis
986 2751 1093 2832 rebus,

189 2875 265 2938 quas
289 2853 470 2938 apparabat.
517 2852 686 2935 Cogitabat
705 2854 800 2936 enim,
824 2854 911 2939 quod
931 2855 998 2918 fere
1023 2875 1092 2918 om·

187 2977 245 3021 nes
280 2957 313 3020 in
343 2957 466 3039 magnis
497 2955 639 3039 imperiis
671 2959 914 3040 concupiscunt,
950 2959 1093 3024 omnium

154 3065 294 3142 apartes
327 3059 487 3144 corripere
518 3063 612 3142 atque
645 3062 824 3145 complecti.
868 3062 982 3145 Neque
1012 3084 1091 3128 vero

187 3162 249 3227 hoc
277 3164 331 3228 illc
361 3164 447 3227 solus
476 3163 568 3242 fecit,
598 3163 656 3227 scd
686 3165 785 3228 ceteri
813 3185 939 3249 quoque
970 3186 1092 3248 omncs,

188 3267 243 3350 qui
264 3266 443 3331 Alexandri
465 3266 592 3330 fuerant
614 3268 716 3331 amici.
760 3267 887 3331 Primus
905 3269 1092 3333 Leonnatus

188 3368 410 3433 Macedoniam
438 3384 673 3454 praeoccupare
697 3370 876 3434 destinavit.
922 3371 954 3434 Is
983 3371 1091 3434 multis
