2400 3848
441 230 492 270 vn.
512 229 690 272 anomranrs.
710 231 729 270 r.
998 239 1036 293 37

133 379 235 463 patria
255 377 365 463 pulsus
387 377 501 460 fuerat,
524 377 659 461 proinde
683 399 720 443 ac
742 379 769 442 si
792 380 871 444 alius
887 368 1058 466 populus,
1157 457 1165 476 ς

132 501 197 545 non
218 481 273 544 ille
295 481 375 564 ipse,
399 481 453 565 qui
467 485 535 543 tum
549 481 656 564 flebat,
679 502 754 546 eum
769 484 927 568 sacrilegii
948 485 1036 550 dam-

131 590 247 648 nasset.
291 583 453 648 Restituta
481 604 558 667 ergo
591 585 665 649 huic
697 590 771 649 sunt
797 586 923 670 publice
952 588 1072 658 bonas

133 689 301 774 eidemque
331 688 378 750 illi
400 687 614 772 Eumolpidae
637 689 821 753 sacerdotes
848 710 956 755 rursus
984 712 1037 756 re·

132 814 255 857 sacrare
279 797 352 855 sunt
375 791 487 874 coacti,
520 793 574 876 qui
597 812 670 855 eum
694 792 906 877 devoverant,
936 794 1036 878 pilae-

132 916 193 981 que
222 896 313 975 illae,
342 896 376 959 in
405 895 518 980 quibus
548 893 677 959 devotio
706 895 812 960 fuerat
840 897 974 981 scripta,
1003 899 1037 962 in

114 981 218 1062 ‘mare
240 998 480 1082 praecipitatae.

193 1102 269 1167 VH.
299 1101 392 1164 Haec
420 1101 579 1165 Alcibiadi
607 1102 729 1165 laetitia
759 1123 825 1167 non
854 1104 948 1167 nimis
978 1104 1071 1174 fuit1

132 1206 288 1270 diuturna.
334 1205 418 1268 Nam
450 1225 522 1268 oum
553 1204 584 1268 ei
616 1224 728 1269 omnes
760 1210 868 1271 essent
897 1206 1037 1271 honores

132 1309 252 1373 decreti
274 1313 405 1392 totaque
424 1328 477 1371 res
497 1307 625 1391 publiea
649 1306 736 1371 domi
751 1309 891 1393 bellique
911 1310 1037 1394 tradita,

130 1417 167 1475 ut
195 1411 286 1474 unius
317 1411 445 1474 arbitrio
475 1415 643 1492 gereretur
671 1414 704 1474 et
734 1412 802 1495 ipse
834 1412 1038 1496 postulasset,

130 1521 166 1580 ut
198 1513 261 1578 duo
293 1513 354 1577 sibi
385 1514 528 1596 collegae
560 1512 727 1596 darentur,
758 1514 974 1600 Thrasybulus
1005 1521 1039 1580 et

130 1618 338 1700 Adimantus,
367 1639 472 1702 neque
503 1617 538 1681 id
566 1624 720 1702 negatum
743 1625 843 1703 esset,
874 1620 975 1684 classe
1003 1620 1038 1683 in

132 1723 241 1786 Asiam
270 1722 447 1807 profectus,
478 1721 565 1806 quod
594 1721 680 1807 apud
710 1721 834 1806 Cymen
862 1722 966 1786 minus
994 1742 1038 1786 ex

131 1825 288 1915 sententia
308 1845 379 1888 rem
401 1830 555 1908 gesserat,
578 1825 611 1888 in
632 1823 786 1888 invidiam
805 1824 934 1889 recidit:
958 1823 1038 1887 nihil

132 1928 217 1991 enim
240 1949 314 1992 eum
335 1949 402 1992 non
424 1928 551 1995 efficere
572 1950 668 2014 posse
686 1928 854 1993 ducebant.
898 1927 951 1991 Ex
973 1948 1035 2012 quo
1059 1955 1072 1993 a

130 2031 242 2114 fiebat,
274 2037 310 2096 ut
341 2033 448 2097 omnia
478 2035 582 2096 minus
614 2054 768 2118 prospere
799 2037 892 2115 gesta
924 2032 1037 2115 culpae

131 2133 323 2217 tribuerent,
353 2155 427 2199 oum
452 2156 525 2199 eum
555 2142 610 2200 aut
635 2136 846 2219 neglegenter
869 2140 924 2197 aut
945 2134 1036 2198 mali-

130 2236 211 2301 tiose
234 2232 347 2302 fecisse
369 2239 594 2323 loquerentur3
618 2239 699 2302 sicut
721 2242 789 2300 tum
809 2235 939 2300 accidit:
963 2257 1038 2300 nam

131 2347 315 2427 corruptum
337 2363 357 2406 a
378 2364 456 2426 rege
480 2363 594 2427 capere
613 2342 736 2426 Cymen
758 2340 898 2404 noluisse
922 2360 1035 2423 argue-

127 2445 214 2510 bant.
260 2445 373 2529 Itaque
401 2446 475 2510 huic
498 2447 638 2510 maxime
661 2452 808 2530 putamus
830 2444 915 2508 malo
939 2444 1071 2518 fuisse³

128 2549 259 2613 nimiam
288 2549 472 2633 opinionem
494 2550 615 2632 ingenii
646 2554 741 2632 atque
770 2548 912 2611 virtutis:
942 2547 1035 2610 time·

126 2651 221 2715 batur
244 2652 331 2716 enirn
353 2672 419 2715 non
439 2652 544 2715 minus
567 2672 662 2735 quam
686 2651 894 2734 diligebatur,
920 2669 961 2713 ne
984 2670 1035 2713 se·

126 2753 232 2817 cunda
253 2754 382 2818 fortuna
424 2753 726 2837 magistratibusque
768 2754 869 2818 elatus
891 2752 1033 2837 tyranni-

127 2854 201 2940 dem
216 2857 467 2941 concupisceret.
514 2858 635 2931 Quibus
657 2859 753 2922 rebus
775 2858 895 2921 factum
918 2862 975 2937 est,
998 2861 1034 2918 ut

126 2958 249 3022 absenti
271 2960 492 3042 magistratum
515 2961 709 3044 abrogarent
735 2966 768 3024 et
790 2961 886 3024 alium
909 2961 942 3023 in
966 2960 1033 3024 eius

124 3062 232 3126 locum
253 3063 492 3129 substituerent.
536 3064 578 3128 Id
598 3066 653 3130 ille
675 3071 711 3128 ut
732 3064 870 3147 audivit,
901 3064 1062 3128 domums

124 3166 242 3230 reverti
263 3166 367 3231 noluit
399 3173 431 3232 et
460 3187 495 3232 se
517 3167 661 3251 Pactyen
684 3169 819 3233 contulit
841 3168 949 3253 ibique
971 3169 1034 3232 tria

124 3271 256 3335 castella
265 3271 462 3354 communiit,
479 3269 593 3355 Ornos,
616 3267 805 3354 Bisanthen,
822 3272 1030 3355 Neontrchos,

123 3395 283 3460 manuque
299 3374 434 3439 collecta
446 3375 567 3458 primus
579 3374 721 3440 Graecae
738 3376 874 3440 civitatis
888 3375 1030 3440 inThra-

177 3485 297 3526 Cornelius
312 3484 395 3534 Nepos.
427 3483 468 3527 ild.
481 3484 500 3524 3.
859 3481 875 3528 3
