2400 3848
433 273 483 312 vu.
501 271 681 311 sncmrsnns.
701 272 720 311 a.
992 273 1029 330 39

123 422 243 486 habeas
270 420 412 484 nautica:
442 419 619 504 periculum
648 426 697 484 est
720 421 820 504 enim,
851 444 892 486 ne
914 423 1028 484 immo-

125 528 229 593 destia
250 526 385 590 militum
406 530 586 589 vestrorum
609 525 731 589 occasio
757 526 849 589 detur
862 525 1029 610 Lysandro

124 631 223 696 vestri
239 629 441 714 opprimendi
456 626 635 693 exercitus‘
667 629 781 715 Neque
806 650 844 693 ea
865 650 917 692 res
939 630 1030 692 illum
1051 657 1064 696 c

125 735 248 799 fefellit.
292 733 376 798 Nam
406 731 588 818 Lysander,
621 755 692 797 cum
722 755 782 818 per
813 735 1030 818 speculatores

124 839 333 924 comperisset
347 839 479 921 vulgum
492 838 738 902 Atheniensium
758 840 923 904 interram
938 861 1030 923 prae·

125 943 233 1006 datum
268 942 371 1007 exisse
410 962 571 1025 navesque
608 962 711 1025 paene
747 943 858 1007 inanes
893 943 1030 1026 relictas,

124 1052 250 1131 tempus
278 1048 327 1110 rei
355 1045 517 1129 gerendae
545 1065 611 1108 non
635 1045 753 1109 dimisit
784 1066 887 1131 eoque
910 1046 1032 1130 impetu

124 1151 245 1216 bellum
268 1156 372 1214 totum
396 1150 524 1214 delevit.

189 1254 250 1319 IX.
279 1254 324 1318 At
351 1253 535 1318 Alcibiades
565 1253 656 1317 victis
685 1254 935 1318 Atheniensibus
967 1275 1066 1317 non1

125 1359 201 1421 satis
230 1363 300 1421 tuta
329 1357 443 1422 eadem
471 1359 543 1422 loca
571 1358 631 1422 sibi
660 1359 814 1422 arbitrans
843 1358 970 1441 penitus
999 1357 1033 1420 in

125 1462 293 1526 Thraciam
316 1484 350 1526 se
374 1484 469 1547 supra
490 1463 723 1548 Propontidem
752 1460 875 1525 abdidit
902 1451 1032 1545 speran‘s

125 1566 171 1628 ibi
192 1565 341 1630 facillime
365 1588 455 1631 suam
477 1566 637 1630 fortunam
661 1555 764 1630 occuli
784 1585 890 1651 posse.
925 1564 1031 1629 Falso.
1062 1568 1065 1575 '

125 1670 209 1734 Nam
232 1669 381 1752 Thraces,
413 1675 583 1754 postquam
607 1691 680 1734 eum
704 1691 775 1733 oum
797 1688 914 1752 magna
934 1688 1032 1751 peou-
1056 1690 1068 1728 2

125 1775 179 1837 nia
200 1775 325 1839 venisse
348 1780 531 1855 senserunt,
554 1773 684 1836 insidias
707 1773 867 1837 fecerunt:
901 1771 955 1855 qui
984 1791 1031 1853 ea,

125 1899 209 1961 quae
232 1882 432 1961 apportarat,
462 1876 673 1957 abstulerrmt,
702 1875 808 1960 ipsum
831 1896 945 1959 capere
967 1894 1034 1938 non

128 1985 310 2063 potuerunt.
359 1979 419 2042 Ille
436 2000 568 2042 cernens
583 1979 705 2041 nullum
720 1979 826 2040 locum
848 1978 907 2040 sibi
929 1982 1033 2040 tutum
1056 1999 1068 2035 a

126 2083 160 2146 in
185 2081 320 2145 Graecia
347 2086 478 2165 propter
505 2082 683 2165 potentiam
704 2079 1034 2145 Lacedaemoniorum

126 2186 169 2250 ad
183 2186 427 2251 Pharnabazum
449 2186 482 2248 in
495 2184 607 2249 Asiam
622 2184 761 2248 transiit:
786 2205 881 2267 quem
904 2182 1034 2267 quidem

126 2290 209 2355 adeo
242 2312 300 2354 sua
336 2290 421 2375 oepit
451 2289 666 2371 humanitate,
703 2293 740 2353 ut
770 2310 844 2353 eum
875 2309 970 2352 nemo
1001 2289 1035 2352 in

125 2393 267 2457 amicitia
294 2393 510 2458 antecederet.
554 2393 702 2478 Namque
732 2393 762 2457 ei
792 2391 947 2477 Grynium
977 2391 1033 2457 de-

128 2494 219 2559 derat
248 2497 283 2559 in
303 2496 447 2582 Phrygia
469 2502 623 2580 castrum,
655 2517 696 2560 ex
725 2516 787 2580 quo
812 2497 1035 2581 quinquagena

127 2599 248 2662 talenta
261 2599 428 2683 vectigalis
445 2599 599 2684 capiebat.
624 2599 695 2673 Qua
709 2599 838 2663 fortuna
849 2599 1034 2665 Alcibiades
1056 2622 1069 2660 ι

126 2723 193 2765 non
220 2708 289 2766 erat
317 2708 486 2767 contentus
517 2722 622 2786 neque
644 2700 789 2765 Athenas
811 2702 910 2766 victas
932 2702 1034 2766 Lace-

129 2805 306 2869 daemoniis
321 2805 441 2869 servire
456 2810 585 2890 poterat
598 2803 675 2890 pati.
712 2803 826 2889 Itaque
843 2803 885 2868 ad
899 2805 1035 2889 patriam

127 2907 326 2971 liberandam
341 2909 427 2972 omni
442 2907 605 2972 ferebatur
620 2908 826 2991 cogitatione.
864 2906 929 2971 Sed
943 2895 1034 2972 vide-
1057 2930 1070 2968 s

128 3010 185 3072 hat
214 3009 248 3073 id
275 3011 342 3074 sine
372 3032 449 3094 rege
472 3011 571 3075 Perse
601 3031 666 3075 non
688 3032 782 3095 posse
805 3009 874 3072 fieri
896 3008 1035 3094 ideoque

130 3133 205 3176 eum
221 3113 358 3176 amicum
372 3113 432 3177 sibi
447 3101 595 3197 cupiebat
609 3113 740 3197 adiungi
754 3134 858 3198 neque
872 3112 1037 3176 dubitabat

129 3214 221 3278 facile
245 3235 279 3277 se
304 3220 559 3299 consecuturum,
582 3215 721 3280 simodo
740 3216 807 3280 eius
824 3217 1036 3280 conveniundi
1160 3249 1163 3253 ·

130 3317 293 3382 habuisset
323 3323 527 3403 potestatem.
577 3319 659 3383 Nam
694 3318 813 3404 Cyrum
844 3319 974 3384 fratrem
1006 3320 1036 3384 ei

129 3419 250 3483 bellum
282 3422 364 3485 clam
386 3442 499 3504 parare
522 3420 787 3486 Lacedaemoniis
814 3420 1036 3487 adiuuantibus

843 3529 858 3575 3
865 3523 882 3558 'A'
