<?xml version="1.0" encoding="UTF-8"?>
<!DOCTYPE html PUBLIC "-//W3C//DTD XHTML 1.0 Transitional//EN"
    "http://www.w3.org/TR/xhtml1/DTD/xhtml1-transitional.dtd">
<html xmlns="http://www.w3.org/1999/xhtml" xml:lang="en" lang="en">
 <head>
  <title>
</title>
<meta http-equiv="Content-Type" content="text/html;charset=utf-8" />
  <meta name='ocr-system' content='tesseract 3.04.00' />
  <meta name='ocr-capabilities' content='ocr_page ocr_carea ocr_par ocr_line ocrx_word'/>
</head>
<body>
  <div class='ocr_page' id='page_1' title='image "./corneliinepotis15nepogoog_0065.png"; bbox 0 0 2400 3848; ppageno 0'>
   <div class='ocr_carea' id='block_1_1' title="bbox 204 233 746 299">
    <p class='ocr_par' dir='ltr' id='par_1_1' title="bbox 204 233 746 299">
     <span class='ocr_line' id='line_1_1' title="bbox 204 233 746 299; baseline 0.002 -23"><span class='ocrx_word' id='word_1_1' title='bbox 204 242 240 299; x_wconf 78' lang='lat'>52</span> <span class='ocrx_word' id='word_1_2' title='bbox 378 233 381 237; x_wconf 48' lang='lat'><strong>⁴</strong></span> <span class='ocrx_word' id='word_1_3' title='bbox 401 233 403 237; x_wconf 37' lang='lat'><strong>¹</strong></span> <span class='ocrx_word' id='word_1_4' title='bbox 584 238 609 276; x_wconf 84' lang='lat' dir='ltr'>X.</span> <span class='ocrx_word' id='word_1_5' title='bbox 629 237 706 277; x_wconf 86' lang='lat' dir='ltr'><strong>DION.</strong></span> <span class='ocrx_word' id='word_1_6' title='bbox 727 239 746 277; x_wconf 77' lang='lat' dir='ltr'>d.</span> 
     </span>
    </p>
   </div>
   <div class='ocr_carea' id='block_1_2' title="bbox 170 385 1120 3470">
    <p class='ocr_par' dir='ltr' id='par_1_2' title="bbox 202 385 1117 781">
     <span class='ocr_line' id='line_1_2' title="bbox 202 385 1114 471; baseline 0.002 -22"><span class='ocrx_word' id='word_1_7' title='bbox 202 385 295 450; x_wconf 90' lang='lat' dir='ltr'>multi</span> <span class='ocrx_word' id='word_1_8' title='bbox 317 385 559 469; x_wconf 85' lang='lat' dir='ltr'>indignarentur</span> <span class='ocrx_word' id='word_1_9' title='bbox 574 406 774 470; x_wconf 80' lang='lat' dir='ltr'>magnaeque</span> <span class='ocrx_word' id='word_1_10' title='bbox 798 391 883 450; x_wconf 92' lang='lat' dir='ltr'>esset</span> <span class='ocrx_word' id='word_1_11' title='bbox 898 385 1037 451; x_wconf 87' lang='lat' dir='ltr'>invidiae</span> <span class='ocrx_word' id='word_1_12' title='bbox 1061 392 1114 471; x_wconf 89' lang='lat' dir='ltr'>ty-</span> 
     </span>
     <span class='ocr_line' id='line_1_3' title="bbox 203 489 1117 574; baseline 0.001 -21"><span class='ocrx_word' id='word_1_13' title='bbox 203 511 320 571; x_wconf 88' lang='lat' dir='ltr'>ranno,</span> <span class='ocrx_word' id='word_1_14' title='bbox 349 489 525 574; x_wconf 87' lang='lat' dir='ltr'>Dionysius</span> <span class='ocrx_word' id='word_1_15' title='bbox 550 489 671 571; x_wconf 89' lang='lat' dir='ltr'>omnia,</span> <span class='ocrx_word' id='word_1_16' title='bbox 703 509 784 572; x_wconf 88' lang='lat' dir='ltr'>quae</span> <span class='ocrx_word' id='word_1_17' title='bbox 815 490 939 553; x_wconf 88' lang='lat' dir='ltr'>moveri</span> <span class='ocrx_word' id='word_1_18' title='bbox 962 495 1117 573; x_wconf 78' lang='lat' dir='ltr'>poterant</span> 
     </span>
     <span class='ocr_line' id='line_1_4' title="bbox 202 590 1117 676; baseline 0 -19"><span class='ocrx_word' id='word_1_19' title='bbox 202 594 326 676; x_wconf 89' lang='lat' dir='ltr'>Dionis,</span> <span class='ocrx_word' id='word_1_20' title='bbox 349 594 383 656; x_wconf 89' lang='lat' dir='ltr'>in</span> <span class='ocrx_word' id='word_1_21' title='bbox 404 615 502 657; x_wconf 87' lang='lat' dir='ltr'>naves</span> <span class='ocrx_word' id='word_1_22' title='bbox 526 592 678 676; x_wconf 83' lang='lat' dir='ltr'>imposuit</span> <span class='ocrx_word' id='word_1_23' title='bbox 699 590 740 654; x_wconf 94' lang='lat' dir='ltr'>ad</span> <span class='ocrx_word' id='word_1_24' title='bbox 763 612 900 675; x_wconf 92' lang='lat' dir='ltr'>eumque</span> <span class='ocrx_word' id='word_1_25' title='bbox 923 592 1018 656; x_wconf 83' lang='lat' dir='ltr'>misit.</span> <span class='ocrx_word' id='word_1_26' title='bbox 1059 591 1117 657; x_wconf 78' lang='lat' dir='ltr'>sie</span> 
     </span>
     <span class='ocr_line' id='line_1_5' title="bbox 205 694 1117 781; baseline -0.004 -17"><span class='ocrx_word' id='word_1_27' title='bbox 205 701 289 764; x_wconf 90' lang='lat' dir='ltr'>enim</span> <span class='ocrx_word' id='word_1_28' title='bbox 312 699 488 764; x_wconf 81' lang='lat' dir='ltr'>existimari</span> <span class='ocrx_word' id='word_1_29' title='bbox 509 697 640 762; x_wconf 83' lang='lat' dir='ltr'>volebat</span> <span class='ocrx_word' id='word_1_30' title='bbox 666 695 700 759; x_wconf 90' lang='lat' dir='ltr'>id</span> <span class='ocrx_word' id='word_1_31' title='bbox 722 717 757 760; x_wconf 91' lang='lat' dir='ltr'>se</span> <span class='ocrx_word' id='word_1_32' title='bbox 779 716 845 760; x_wconf 92' lang='lat' dir='ltr'>non</span> <span class='ocrx_word' id='word_1_33' title='bbox 867 694 942 759; x_wconf 90' lang='lat' dir='ltr'>odio</span> <span class='ocrx_word' id='word_1_34' title='bbox 964 695 1117 781; x_wconf 84' lang='lat' dir='ltr'>hominis,</span> 
     </span>
    </p>

    <p class='ocr_par' dir='ltr' id='par_1_3' title="bbox 170 801 1117 1301">
     <span class='ocr_line' id='line_1_6' title="bbox 170 801 1117 885; baseline -0.005 -17"><span class='ocrx_word' id='word_1_35' title='bbox 170 831 181 868; x_wconf 84' lang='lat' dir='ltr'>a</span> <span class='ocrx_word' id='word_1_36' title='bbox 204 804 263 869; x_wconf 92' lang='lat' dir='ltr'>sed</span> <span class='ocrx_word' id='word_1_37' title='bbox 284 825 360 868; x_wconf 91' lang='lat' dir='ltr'>suae</span> <span class='ocrx_word' id='word_1_38' title='bbox 383 804 493 867; x_wconf 90' lang='lat' dir='ltr'>salutis</span> <span class='ocrx_word' id='word_1_39' title='bbox 508 803 621 866; x_wconf 86' lang='lat' dir='ltr'>fecisse</span> <span class='ocrx_word' id='word_1_40' title='bbox 639 822 742 867; x_wconf 88' lang='lat' dir='ltr'>eausa.</span> <span class='ocrx_word' id='word_1_41' title='bbox 780 801 900 865; x_wconf 85' lang='lat' dir='ltr'>Postea</span> <span class='ocrx_word' id='word_1_42' title='bbox 921 821 1117 885; x_wconf 82' lang='lat' dir='ltr'>veroquam</span> 
     </span>
     <span class='ocr_line' id='line_1_7' title="bbox 205 906 1114 991; baseline 0 -20"><span class='ocrx_word' id='word_1_43' title='bbox 205 908 327 972; x_wconf 86' lang='lat' dir='ltr'>audivit</span> <span class='ocrx_word' id='word_1_44' title='bbox 355 929 429 971; x_wconf 92' lang='lat' dir='ltr'>eum</span> <span class='ocrx_word' id='word_1_45' title='bbox 457 908 491 971; x_wconf 94' lang='lat' dir='ltr'>in</span> <span class='ocrx_word' id='word_1_46' title='bbox 512 906 739 991; x_wconf 81' lang='lat' dir='ltr'>Peloponneso</span> <span class='ocrx_word' id='word_1_47' title='bbox 768 927 899 969; x_wconf 89' lang='lat' dir='ltr'>manum</span> <span class='ocrx_word' id='word_1_48' title='bbox 925 924 1114 990; x_wconf 82' lang='lat' dir='ltr'>comparare</span> 
     </span>
     <span class='ocr_line' id='line_1_8' title="bbox 204 1007 1116 1096; baseline -0.003 -21"><span class='ocrx_word' id='word_1_49' title='bbox 204 1013 327 1096; x_wconf 89' lang='lat' dir='ltr'>sibique</span> <span class='ocrx_word' id='word_1_50' title='bbox 363 1012 485 1076; x_wconf 91' lang='lat' dir='ltr'>bellum</span> <span class='ocrx_word' id='word_1_51' title='bbox 517 1011 623 1075; x_wconf 81' lang='lat' dir='ltr'>facere</span> <span class='ocrx_word' id='word_1_52' title='bbox 658 1010 788 1091; x_wconf 86' lang='lat' dir='ltr'>conari,</span> <span class='ocrx_word' id='word_1_53' title='bbox 820 1007 962 1092; x_wconf 84' lang='lat' dir='ltr'>Areten,</span> <span class='ocrx_word' id='word_1_54' title='bbox 997 1008 1116 1072; x_wconf 91' lang='lat' dir='ltr'>Dionis</span> 
     </span>
     <span class='ocr_line' id='line_1_9' title="bbox 204 1111 1116 1198; baseline 0 -21"><span class='ocrx_word' id='word_1_55' title='bbox 204 1135 358 1197; x_wconf 83' lang='lat' dir='ltr'>uxorem,</span> <span class='ocrx_word' id='word_1_56' title='bbox 396 1113 451 1176; x_wconf 94' lang='lat' dir='ltr'>alii</span> <span class='ocrx_word' id='word_1_57' title='bbox 481 1118 617 1198; x_wconf 92' lang='lat' dir='ltr'>nuptum</span> <span class='ocrx_word' id='word_1_58' title='bbox 650 1111 739 1175; x_wconf 90' lang='lat' dir='ltr'>dedit</span> <span class='ocrx_word' id='word_1_59' title='bbox 769 1111 932 1196; x_wconf 91' lang='lat' dir='ltr'>filiumque</span> <span class='ocrx_word' id='word_1_60' title='bbox 968 1112 1036 1176; x_wconf 90' lang='lat' dir='ltr'>eius</span> <span class='ocrx_word' id='word_1_61' title='bbox 1067 1112 1116 1177; x_wconf 84' lang='lat' dir='ltr'>sic</span> 
     </span>
     <span class='ocr_line' id='line_1_10' title="bbox 206 1215 1116 1301; baseline 0 -20"><span class='ocrx_word' id='word_1_62' title='bbox 206 1216 335 1281; x_wconf 90' lang='lat' dir='ltr'>educari</span> <span class='ocrx_word' id='word_1_63' title='bbox 355 1217 461 1300; x_wconf 92' lang='lat' dir='ltr'>iussit,</span> <span class='ocrx_word' id='word_1_64' title='bbox 489 1222 525 1279; x_wconf 91' lang='lat' dir='ltr'>ut</span> <span class='ocrx_word' id='word_1_65' title='bbox 556 1215 753 1300; x_wconf 93' lang='lat' dir='ltr'>indulgendo</span> <span class='ocrx_word' id='word_1_66' title='bbox 777 1216 966 1301; x_wconf 87' lang='lat' dir='ltr'>turpissimis</span> <span class='ocrx_word' id='word_1_67' title='bbox 988 1216 1116 1281; x_wconf 91' lang='lat' dir='ltr'>imbue·</span> 
     </span>
    </p>

    <p class='ocr_par' dir='ltr' id='par_1_4' title="bbox 170 1318 1116 1508">
     <span class='ocr_line' id='line_1_11' title="bbox 170 1318 1116 1406; baseline 0.001 -21"><span class='ocrx_word' id='word_1_68' title='bbox 170 1326 293 1385; x_wconf 70' lang='lat' dir='ltr'>rretm</span> <span class='ocrx_word' id='word_1_69' title='bbox 328 1318 562 1405; x_wconf 84' lang='lat' dir='ltr'>cupiditatibus.</span> <span class='ocrx_word' id='word_1_70' title='bbox 606 1320 691 1383; x_wconf 87' lang='lat' dir='ltr'>Nam</span> <span class='ocrx_word' id='word_1_71' title='bbox 723 1339 804 1402; x_wconf 93' lang='lat' dir='ltr'>puer</span> <span class='ocrx_word' id='word_1_72' title='bbox 837 1321 912 1384; x_wconf 84' lang='lat' dir='ltr'>vino</span> <span class='ocrx_word' id='word_1_73' title='bbox 947 1321 1116 1406; x_wconf 89' lang='lat' dir='ltr'>epulisque</span> 
     </span>
     <span class='ocr_line' id='line_1_12' title="bbox 207 1424 1116 1508; baseline 0.001 -19"><span class='ocrx_word' id='word_1_74' title='bbox 207 1425 399 1490; x_wconf 85' lang='lat' dir='ltr'>obruebatur</span> <span class='ocrx_word' id='word_1_75' title='bbox 422 1445 526 1508; x_wconf 92' lang='lat' dir='ltr'>neque</span> <span class='ocrx_word' id='word_1_76' title='bbox 549 1424 651 1487; x_wconf 92' lang='lat' dir='ltr'>ullum</span> <span class='ocrx_word' id='word_1_77' title='bbox 672 1429 799 1507; x_wconf 89' lang='lat' dir='ltr'>tempus</span> <span class='ocrx_word' id='word_1_78' title='bbox 821 1424 930 1488; x_wconf 91' lang='lat' dir='ltr'>sobrio</span> <span class='ocrx_word' id='word_1_79' title='bbox 952 1424 1116 1508; x_wconf 91' lang='lat' dir='ltr'>relinque·</span> 
     </span>
    </p>

    <p class='ocr_par' dir='ltr' id='par_1_5' title="bbox 171 1527 1118 2109">
     <span class='ocr_line' id='line_1_13' title="bbox 171 1527 1117 1611; baseline 0.001 -19"><span class='ocrx_word' id='word_1_80' title='bbox 171 1529 307 1592; x_wconf 77' lang='lat' dir='ltr'>abatur.</span> <span class='ocrx_word' id='word_1_81' title='bbox 351 1527 385 1591; x_wconf 91' lang='lat' dir='ltr'>Is</span> <span class='ocrx_word' id='word_1_82' title='bbox 413 1548 514 1611; x_wconf 91' lang='lat' dir='ltr'>usque</span> <span class='ocrx_word' id='word_1_83' title='bbox 547 1547 586 1592; x_wconf 94' lang='lat' dir='ltr'>eo</span> <span class='ocrx_word' id='word_1_84' title='bbox 616 1528 700 1592; x_wconf 88' lang='lat' dir='ltr'>vitae</span> <span class='ocrx_word' id='word_1_85' title='bbox 734 1533 852 1591; x_wconf 89' lang='lat' dir='ltr'>statum</span> <span class='ocrx_word' id='word_1_86' title='bbox 884 1534 1117 1594; x_wconf 87' lang='lat' dir='ltr'>commutatum</span> 
     </span>
     <span class='ocr_line' id='line_1_14' title="bbox 205 1631 1118 1716; baseline 0.004 -22"><span class='ocrx_word' id='word_1_87' title='bbox 205 1632 289 1696; x_wconf 87' lang='lat' dir='ltr'>ferre</span> <span class='ocrx_word' id='word_1_88' title='bbox 325 1652 391 1694; x_wconf 93' lang='lat' dir='ltr'>non</span> <span class='ocrx_word' id='word_1_89' title='bbox 424 1631 547 1714; x_wconf 92' lang='lat' dir='ltr'>potuit,</span> <span class='ocrx_word' id='word_1_90' title='bbox 584 1637 755 1716; x_wconf 87' lang='lat' dir='ltr'>postquam</span> <span class='ocrx_word' id='word_1_91' title='bbox 785 1632 819 1694; x_wconf 93' lang='lat' dir='ltr'>in</span> <span class='ocrx_word' id='word_1_92' title='bbox 850 1634 987 1716; x_wconf 87' lang='lat' dir='ltr'>patriam</span> <span class='ocrx_word' id='word_1_93' title='bbox 1018 1631 1118 1698; x_wconf 92' lang='lat' dir='ltr'>rediit</span> 
     </span>
     <span class='ocr_line' id='line_1_15' title="bbox 205 1733 1117 1821; baseline 0.002 -23"><span class='ocrx_word' id='word_1_94' title='bbox 205 1740 297 1821; x_wconf 88' lang='lat' dir='ltr'>pater</span> <span class='ocrx_word' id='word_1_95' title='bbox 321 1733 471 1819; x_wconf 89' lang='lat' dir='ltr'>(namque</span> <span class='ocrx_word' id='word_1_96' title='bbox 494 1735 632 1819; x_wconf 91' lang='lat' dir='ltr'>appositi</span> <span class='ocrx_word' id='word_1_97' title='bbox 654 1741 746 1799; x_wconf 89' lang='lat' dir='ltr'>erant</span> <span class='ocrx_word' id='word_1_98' title='bbox 769 1735 938 1820; x_wconf 85' lang='lat' dir='ltr'>custodes,</span> <span class='ocrx_word' id='word_1_99' title='bbox 963 1736 1017 1821; x_wconf 91' lang='lat' dir='ltr'>qui</span> <span class='ocrx_word' id='word_1_100' title='bbox 1040 1758 1117 1800; x_wconf 95' lang='lat' dir='ltr'>eum</span> 
     </span>
     <span class='ocr_line' id='line_1_16' title="bbox 207 1837 1117 1925; baseline 0.004 -23"><span class='ocrx_word' id='word_1_101' title='bbox 207 1860 226 1902; x_wconf 93' lang='lat' dir='ltr'>a</span> <span class='ocrx_word' id='word_1_102' title='bbox 247 1839 380 1923; x_wconf 90' lang='lat' dir='ltr'>pristino</span> <span class='ocrx_word' id='word_1_103' title='bbox 404 1840 491 1902; x_wconf 86' lang='lat' dir='ltr'>victu</span> <span class='ocrx_word' id='word_1_104' title='bbox 515 1837 742 1922; x_wconf 77' lang='lat' dir='ltr'>deducerent),</span> <span class='ocrx_word' id='word_1_105' title='bbox 766 1846 802 1903; x_wconf 92' lang='lat' dir='ltr'>ut</span> <span class='ocrx_word' id='word_1_106' title='bbox 823 1861 859 1904; x_wconf 90' lang='lat' dir='ltr'>se</span> <span class='ocrx_word' id='word_1_107' title='bbox 885 1839 924 1904; x_wconf 92' lang='lat' dir='ltr'>de</span> <span class='ocrx_word' id='word_1_108' title='bbox 949 1841 1117 1925; x_wconf 90' lang='lat' dir='ltr'>superiore</span> 
     </span>
     <span class='ocr_line' id='line_1_17' title="bbox 205 1941 1118 2027; baseline 0.003 -23"><span class='ocrx_word' id='word_1_109' title='bbox 205 1947 296 2026; x_wconf 93' lang='lat' dir='ltr'>parte</span> <span class='ocrx_word' id='word_1_110' title='bbox 321 1942 449 2005; x_wconf 92' lang='lat' dir='ltr'>aedium</span> <span class='ocrx_word' id='word_1_111' title='bbox 473 1941 625 2006; x_wconf 88' lang='lat' dir='ltr'>deiecerit</span> <span class='ocrx_word' id='word_1_112' title='bbox 647 1948 742 2027; x_wconf 87' lang='lat' dir='ltr'>atque</span> <span class='ocrx_word' id='word_1_113' title='bbox 770 1944 815 2007; x_wconf 90' lang='lat' dir='ltr'>ita</span> <span class='ocrx_word' id='word_1_114' title='bbox 837 1944 1003 2009; x_wconf 89' lang='lat' dir='ltr'>interierit.</span> <span class='ocrx_word' id='word_1_115' title='bbox 1049 1943 1118 2009; x_wconf 82' lang='lat' dir='ltr'>Sed</span> 
     </span>
     <span class='ocr_line' id='line_1_18' title="bbox 205 2045 459 2109; baseline -0.004 -1"><span class='ocrx_word' id='word_1_116' title='bbox 205 2045 281 2108; x_wconf 91' lang='lat' dir='ltr'>illuc</span> <span class='ocrx_word' id='word_1_117' title='bbox 303 2052 459 2109; x_wconf 89' lang='lat' dir='ltr'>revertor.</span> 
     </span>
    </p>

    <p class='ocr_par' dir='ltr' id='par_1_6' title="bbox 172 2147 1120 2437">
     <span class='ocr_line' id='line_1_19' title="bbox 172 2147 1119 2233; baseline 0.004 -23"><span class='ocrx_word' id='word_1_118' title='bbox 172 2172 183 2210; x_wconf 92' lang='lat'>1</span> <span class='ocrx_word' id='word_1_119' title='bbox 270 2148 311 2213; x_wconf 91' lang='lat' dir='ltr'>V.</span> <span class='ocrx_word' id='word_1_120' title='bbox 343 2148 518 2232; x_wconf 86' lang='lat' dir='ltr'>Postquam</span> <span class='ocrx_word' id='word_1_121' title='bbox 551 2148 741 2213; x_wconf 82' lang='lat' dir='ltr'>Corinthum</span> <span class='ocrx_word' id='word_1_122' title='bbox 776 2147 925 2233; x_wconf 87' lang='lat' dir='ltr'>pervenit</span> <span class='ocrx_word' id='word_1_123' title='bbox 957 2148 1046 2213; x_wconf 89' lang='lat' dir='ltr'>Dion</span> <span class='ocrx_word' id='word_1_124' title='bbox 1084 2155 1119 2214; x_wconf 91' lang='lat' dir='ltr'>et</span> 
     </span>
     <span class='ocr_line' id='line_1_20' title="bbox 207 2249 1120 2335; baseline 0 -20"><span class='ocrx_word' id='word_1_125' title='bbox 207 2251 323 2315; x_wconf 89' lang='lat' dir='ltr'>eodem</span> <span class='ocrx_word' id='word_1_126' title='bbox 352 2252 493 2335; x_wconf 85' lang='lat' dir='ltr'>perfugit</span> <span class='ocrx_word' id='word_1_127' title='bbox 521 2250 711 2315; x_wconf 78' lang='lat' dir='ltr'>Heraclides</span> <span class='ocrx_word' id='word_1_128' title='bbox 742 2250 781 2313; x_wconf 92' lang='lat' dir='ltr'>ab</span> <span class='ocrx_word' id='word_1_129' title='bbox 814 2249 930 2314; x_wconf 93' lang='lat' dir='ltr'>eodem</span> <span class='ocrx_word' id='word_1_130' title='bbox 962 2251 1120 2335; x_wconf 84' lang='lat' dir='ltr'>expulsus</span> 
     </span>
     <span class='ocr_line' id='line_1_21' title="bbox 206 2353 1118 2437; baseline 0.003 -21"><span class='ocrx_word' id='word_1_131' title='bbox 206 2353 380 2437; x_wconf 89' lang='lat' dir='ltr'>Dionysio,</span> <span class='ocrx_word' id='word_1_132' title='bbox 411 2354 464 2437; x_wconf 92' lang='lat' dir='ltr'>qui</span> <span class='ocrx_word' id='word_1_133' title='bbox 492 2354 673 2437; x_wconf 85' lang='lat' dir='ltr'>praefectus</span> <span class='ocrx_word' id='word_1_134' title='bbox 702 2353 808 2416; x_wconf 91' lang='lat' dir='ltr'>fuerat</span> <span class='ocrx_word' id='word_1_135' title='bbox 837 2353 995 2437; x_wconf 92' lang='lat' dir='ltr'>equitum,</span> <span class='ocrx_word' id='word_1_136' title='bbox 1028 2357 1118 2419; x_wconf 92' lang='lat' dir='ltr'>omni</span> 
     </span>
    </p>

    <p class='ocr_par' dir='ltr' id='par_1_7' title="bbox 172 2455 1118 2850">
     <span class='ocr_line' id='line_1_22' title="bbox 172 2455 1118 2540; baseline -0.002 -16"><span class='ocrx_word' id='word_1_137' title='bbox 172 2457 329 2524; x_wconf 74' lang='lat' dir='ltr'>eratione</span> <span class='ocrx_word' id='word_1_138' title='bbox 358 2456 479 2520; x_wconf 94' lang='lat' dir='ltr'>bellum</span> <span class='ocrx_word' id='word_1_139' title='bbox 509 2477 694 2540; x_wconf 87' lang='lat' dir='ltr'>comparare</span> <span class='ocrx_word' id='word_1_140' title='bbox 725 2460 911 2539; x_wconf 87' lang='lat' dir='ltr'>coeperunt.</span> <span class='ocrx_word' id='word_1_141' title='bbox 956 2455 1022 2521; x_wconf 83' lang='lat' dir='ltr'>Sed</span> <span class='ocrx_word' id='word_1_142' title='bbox 1049 2478 1118 2522; x_wconf 92' lang='lat' dir='ltr'>non</span> 
     </span>
     <span class='ocr_line' id='line_1_23' title="bbox 205 2558 1117 2644; baseline 0.004 -23"><span class='ocrx_word' id='word_1_143' title='bbox 205 2560 341 2622; x_wconf 93' lang='lat' dir='ltr'>multum</span> <span class='ocrx_word' id='word_1_144' title='bbox 371 2560 596 2644; x_wconf 90' lang='lat' dir='ltr'>proficiebant,</span> <span class='ocrx_word' id='word_1_145' title='bbox 633 2558 720 2643; x_wconf 92' lang='lat' dir='ltr'>quod</span> <span class='ocrx_word' id='word_1_146' title='bbox 750 2560 925 2622; x_wconf 90' lang='lat' dir='ltr'>multorum</span> <span class='ocrx_word' id='word_1_147' title='bbox 958 2581 1117 2625; x_wconf 88' lang='lat' dir='ltr'>annorum</span> 
     </span>
     <span class='ocr_line' id='line_1_24' title="bbox 205 2662 1118 2747; baseline 0.004 -23"><span class='ocrx_word' id='word_1_148' title='bbox 205 2663 347 2746; x_wconf 85' lang='lat' dir='ltr'>tyrannis</span> <span class='ocrx_word' id='word_1_149' title='bbox 378 2684 566 2746; x_wconf 89' lang='lat' dir='ltr'>magnarum</span> <span class='ocrx_word' id='word_1_150' title='bbox 600 2683 696 2746; x_wconf 93' lang='lat' dir='ltr'>opum</span> <span class='ocrx_word' id='word_1_151' title='bbox 723 2662 910 2747; x_wconf 87' lang='lat' dir='ltr'>putabatur:</span> <span class='ocrx_word' id='word_1_152' title='bbox 944 2682 1040 2747; x_wconf 89' lang='lat' dir='ltr'>quam</span> <span class='ocrx_word' id='word_1_153' title='bbox 1073 2663 1118 2728; x_wconf 92' lang='lat' dir='ltr'>ob</span> 
     </span>
     <span class='ocr_line' id='line_1_25' title="bbox 207 2765 1117 2850; baseline 0.002 -22"><span class='ocrx_word' id='word_1_154' title='bbox 207 2786 335 2828; x_wconf 91' lang='lat' dir='ltr'>causam</span> <span class='ocrx_word' id='word_1_155' title='bbox 356 2767 449 2848; x_wconf 88' lang='lat' dir='ltr'>pauci</span> <span class='ocrx_word' id='word_1_156' title='bbox 472 2765 513 2830; x_wconf 89' lang='lat' dir='ltr'>ad</span> <span class='ocrx_word' id='word_1_157' title='bbox 535 2766 722 2830; x_wconf 90' lang='lat' dir='ltr'>societatem</span> <span class='ocrx_word' id='word_1_158' title='bbox 742 2766 877 2850; x_wconf 90' lang='lat' dir='ltr'>periculi</span> <span class='ocrx_word' id='word_1_159' title='bbox 891 2765 1117 2848; x_wconf 89' lang='lat' dir='ltr'>perduceban-</span> 
     </span>
    </p>

    <p class='ocr_par' dir='ltr' id='par_1_8' title="bbox 172 2866 1119 3470">
     <span class='ocr_line' id='line_1_26' title="bbox 172 2866 1117 2954; baseline 0.004 -22"><span class='ocrx_word' id='word_1_160' title='bbox 172 2873 266 2933; x_wconf 81' lang='lat' dir='ltr'>stur.</span> <span class='ocrx_word' id='word_1_161' title='bbox 312 2866 377 2930; x_wconf 80' lang='lat' dir='ltr'>Sed</span> <span class='ocrx_word' id='word_1_162' title='bbox 398 2867 486 2930; x_wconf 91' lang='lat' dir='ltr'>Dion</span> <span class='ocrx_word' id='word_1_163' title='bbox 508 2867 609 2930; x_wconf 82' lang='lat' dir='ltr'>fretus</span> <span class='ocrx_word' id='word_1_164' title='bbox 631 2873 785 2932; x_wconf 85' lang='lat' dir='ltr'>nontam</span> <span class='ocrx_word' id='word_1_165' title='bbox 808 2868 872 2932; x_wconf 90' lang='lat' dir='ltr'>suis</span> <span class='ocrx_word' id='word_1_166' title='bbox 896 2869 996 2953; x_wconf 73' lang='lat' dir='ltr'>copiis</span> <span class='ocrx_word' id='word_1_167' title='bbox 1019 2890 1117 2954; x_wconf 86' lang='lat' dir='ltr'>quam</span> 
     </span>
     <span class='ocr_line' id='line_1_27' title="bbox 208 2970 1119 3054; baseline 0.004 -21"><span class='ocrx_word' id='word_1_168' title='bbox 208 2970 283 3033; x_wconf 92' lang='lat' dir='ltr'>odio</span> <span class='ocrx_word' id='word_1_169' title='bbox 314 2970 458 3054; x_wconf 82' lang='lat' dir='ltr'>tyranni,</span> <span class='ocrx_word' id='word_1_170' title='bbox 492 2970 633 3034; x_wconf 86' lang='lat' dir='ltr'>maximo</span> <span class='ocrx_word' id='word_1_171' title='bbox 667 2971 772 3035; x_wconf 90' lang='lat' dir='ltr'>animo</span> <span class='ocrx_word' id='word_1_172' title='bbox 805 2971 928 3035; x_wconf 87' lang='lat' dir='ltr'>duabus</span> <span class='ocrx_word' id='word_1_173' title='bbox 962 2974 1119 3038; x_wconf 90' lang='lat' dir='ltr'>onerariis</span> 
     </span>
     <span class='ocr_line' id='line_1_28' title="bbox 207 3073 1117 3157; baseline 0.004 -21"><span class='ocrx_word' id='word_1_174' title='bbox 207 3073 340 3136; x_wconf 87' lang='lat' dir='ltr'>navibus</span> <span class='ocrx_word' id='word_1_175' title='bbox 356 3073 585 3157; x_wconf 91' lang='lat' dir='ltr'>quinquaginta</span> <span class='ocrx_word' id='word_1_176' title='bbox 600 3094 755 3136; x_wconf 88' lang='lat' dir='ltr'>annorum</span> <span class='ocrx_word' id='word_1_177' title='bbox 770 3073 940 3157; x_wconf 89' lang='lat' dir='ltr'>imperium</span> <span class='ocrx_word' id='word_1_178' title='bbox 955 3075 1117 3140; x_wconf 91' lang='lat' dir='ltr'>munitum</span> 
     </span>
     <span class='ocr_line' id='line_1_29' title="bbox 207 3176 1116 3261; baseline 0.007 -23"><span class='ocrx_word' id='word_1_179' title='bbox 207 3177 388 3260; x_wconf 89' lang='lat' dir='ltr'>quingentis</span> <span class='ocrx_word' id='word_1_180' title='bbox 417 3176 520 3258; x_wconf 88' lang='lat' dir='ltr'>longis</span> <span class='ocrx_word' id='word_1_181' title='bbox 547 3176 696 3260; x_wconf 86' lang='lat' dir='ltr'>navibus,</span> <span class='ocrx_word' id='word_1_182' title='bbox 729 3177 842 3241; x_wconf 84' lang='lat' dir='ltr'>decem</span> <span class='ocrx_word' id='word_1_183' title='bbox 872 3177 1015 3261; x_wconf 88' lang='lat' dir='ltr'>equitum</span> <span class='ocrx_word' id='word_1_184' title='bbox 1038 3199 1116 3243; x_wconf 91' lang='lat' dir='ltr'>cen-</span> 
     </span>
     <span class='ocr_line' id='line_1_30' title="bbox 208 3279 1117 3366; baseline 0.006 -25"><span class='ocrx_word' id='word_1_185' title='bbox 208 3285 337 3364; x_wconf 91' lang='lat' dir='ltr'>tumque</span> <span class='ocrx_word' id='word_1_186' title='bbox 360 3279 504 3364; x_wconf 89' lang='lat' dir='ltr'>peditnm</span> <span class='ocrx_word' id='word_1_187' title='bbox 527 3280 669 3363; x_wconf 91' lang='lat' dir='ltr'>milibus,</span> <span class='ocrx_word' id='word_1_188' title='bbox 699 3281 861 3365; x_wconf 84' lang='lat' dir='ltr'>profectus</span> <span class='ocrx_word' id='word_1_189' title='bbox 884 3287 1117 3366; x_wconf 89' lang='lat' dir='ltr'>oppugnatum,</span> 
     </span>
     <span class='ocr_line' id='line_1_31' title="bbox 209 3381 1118 3470; baseline 0.007 -26"><span class='ocrx_word' id='word_1_190' title='bbox 209 3382 296 3464; x_wconf 93' lang='lat' dir='ltr'>quod</span> <span class='ocrx_word' id='word_1_191' title='bbox 328 3381 473 3446; x_wconf 91' lang='lat' dir='ltr'>omnibus</span> <span class='ocrx_word' id='word_1_192' title='bbox 507 3384 655 3466; x_wconf 89' lang='lat' dir='ltr'>gentibus</span> <span class='ocrx_word' id='word_1_193' title='bbox 692 3384 878 3448; x_wconf 87' lang='lat' dir='ltr'>admirabile</span> <span class='ocrx_word' id='word_1_194' title='bbox 916 3389 964 3447; x_wconf 93' lang='lat' dir='ltr'>est</span> <span class='ocrx_word' id='word_1_195' title='bbox 1000 3385 1118 3470; x_wconf 87' lang='lat' dir='ltr'>visum,</span> 
     </span>
    </p>
   </div>
   <div class='ocr_carea' id='block_1_3' title="bbox 0 0 1205 3848">
    <p class='ocr_par' dir='ltr' id='par_1_9' title="bbox 0 0 1205 3848">
     <span class='ocr_line' id='line_1_32' title="bbox 0 0 1205 3848; baseline 0 0"><span class='ocrx_word' id='word_1_196' title='bbox 0 0 1205 3848; x_wconf 95' lang='lat' dir='ltr'> </span> 
     </span>
    </p>
   </div>
  </div>
 </body>
</html>
