2400 3848
169 232 205 288 62
457 232 518 273 xm.
537 231 712 273 rmornuus.
731 230 782 274 ra

168 380 272 462 ritae,
306 381 483 447 comminus
515 403 662 468 pugnans
695 384 768 448 telis
801 382 941 447 hostium
972 382 1081 448 inter-

167 482 269 546 fectus
292 490 349 548 cst.

568 624 655 690 XIII

470 757 768 833 TIMOTHllUS.

133 927 143 966 1
231 901 257 965 I.
287 902 540 987 Timotheus,
574 903 753 969 Cononis
781 903 916 985 filius,
947 902 1078 969 Atho·

166 1005 332 1070 niensis.
377 1006 440 1070 Hic
463 1028 482 1071 a
503 1013 594 1092 patre
618 1011 782 1090 acceptam
803 1007 939 1090 gloriam
961 1007 1075 1070 multis

166 1108 255 1170 auxit
292 1109 475 1173 virtutibus:
512 1108 572 1172 fuit
608 1108 694 1174 enim
732 1107 886 1190 disertus,
923 1107 1079 1194 impiger,

165 1209 358 1295 laboriosus,
389 1214 437 1276 rei
460 1212 605 1275 militaris
627 1211 749 1295 peritus
771 1231 875 1295 neque
898 1212 1002 1275 minus
1025 1212 1074 1276 ci·

132 1339 143 1376 2
165 1315 271 1378 uitatis
286 1315 458 1399 regendae.
487 1316 589 1380 Multa
603 1316 696 1379 huius
711 1321 783 1378 sunt
798 1316 961 1399 praeclare
977 1316 1075 1398 facta,

165 1416 222 1481 sed
237 1416 317 1481 haec
332 1419 471 1483 maxime
487 1419 630 1482 illustria.
664 1417 833 1502 Olynthios
850 1424 882 1482 et
897 1417 1077 1502 Byzantios

164 1521 249 1585 bello
273 1521 410 1603 subegit.
442 1521 571 1584 Samum
595 1521 688 1604 cepit,
711 1522 744 1584 in
767 1543 830 1606 qua
853 1520 1073 1607 oppugnanda

164 1626 330 1708 superiore
365 1624 452 1687 bello
486 1622 703 1688 Athenienses
739 1626 828 1688 mille
866 1632 899 1688 et
932 1624 1075 1687 ducenta

163 1728 285 1790 talenta
322 1733 601 1810 consumpserant:
639 1727 694 1790 ille
733 1729 801 1792 sine
839 1728 905 1791 ulla
942 1726 1073 1808 publica

165 1831 310 1916 impensa
330 1831 450 1916 populo
473 1831 621 1895 restituit.
665 1828 832 1894 Adversus
849 1828 965 1893 Cotum
984 1828 1074 1892 bella

164 1933 264 2019 gessit
287 1935 326 1998 ab
350 1953 453 2020 coque
469 1935 556 1998 mille
581 1939 613 1999 et
637 1932 774 1997 ducenta
793 1934 915 1996 talenta
929 1931 1074 2016 praedae

134 2053 146 2092 ³
164 2039 198 2101 in
212 2038 375 2124 publicum
393 2039 525 2102 rettulit.
564 2037 715 2123 Cyzicum
731 2037 897 2101 obsidione
913 2036 1074 2101 liberavit.

163 2141 374 2207 Ariobarzani
396 2143 491 2206 simul
514 2164 585 2205 cum
599 2142 755 2225 Agesilao
771 2139 891 2203 auxilio
908 2139 1077 2223 profectus

165 2250 230 2310 cst:
254 2267 273 2310 a
295 2266 357 2332 quo
383 2268 455 2310 cum
469 2245 555 2310 Laco
572 2245 741 2330 pecuniam
756 2249 955 2306 numeratam
978 2262 1076 2306 acce·

163 2348 271 2433 pisset,
303 2350 357 2413 ille
380 2351 467 2413 cives
489 2370 563 2414 suos
585 2370 663 2432 agro
688 2353 783 2432 atque
805 2347 936 2410 urbibus
959 2347 1074 2429 augeri

163 2452 275 2514 maluit
304 2472 399 2536 quam
427 2451 461 2515 id
489 2473 633 2534 sumere,
666 2452 754 2516 cuius
783 2455 908 2536 partem
938 2449 1073 2513 domum

164 2575 254 2616 suam
283 2554 366 2618 ferre
395 2560 515 2639 posset.
559 2554 671 2639 ltaque
702 2555 825 2637 accepit
848 2552 1015 2618 Crithoten
1038 2557 1077 2616 et

164 2657 302 2722 Sestum.

130 2791 140 2829 1
228 2760 272 2824 H.
301 2761 395 2827 Idem
418 2762 509 2825 classi
539 2763 719 2846 praefectus
744 2760 984 2825 circumvehens
1006 2758 1075 2822 Pc-

165 2866 386 2950 loponnesum,
408 2865 592 2930 Laconicen
613 2867 784 2951 populatus
806 2865 940 2929 classem
959 2883 1074 2926 eorum

163 2968 300 3053 fugavit,
334 2968 509 3054 Corcyram
538 2969 596 3033 sub
625 2970 795 3054 imperium
823 2966 1073 3032 Atheniensium

164 3072 290 3156 redegit
313 3075 480 3159 sociosque
503 3074 590 3138 idem
612 3074 758 3138 adiunxit
780 3074 938 3158 Epirotas,
967 3070 1073 3134 Atha-

164 3189 284 3258 manas,
310 3176 454 3241 Chaonas
471 3197 645 3262 omnesque
670 3199 723 3241 eas
739 3183 862 3261 gentes,
886 3196 967 3260 quae
982 3194 1075 3238 mare

129 3307 142 3348 2
164 3278 244 3342 illud
267 3279 422 3344 adiacent.
468 3279 540 3354 Quo
563 3280 648 3344 facto
664 3279 914 3344 Lacedaemonii
936 3276 976 3340 de
1000 3276 1074 3338 diu-

165 3385 231 3445 tina
254 3385 458 3448 contentione
485 3383 676 3448 destiterunt
698 3390 731 3448 et
753 3403 810 3446 sua
832 3387 946 3466 sponte
966 3377 1073 3442 Athe-
