2400 3848
158 189 213 247 134
480 187 547 229 xxv.
566 188 694 228 srrrcus.
714 189 733 229 a

39 376 42 384 ·
155 335 271 398 nobilis
301 334 384 398 inter
415 336 564 416 aequales
597 336 759 402 ferebatur
791 338 969 421 clariusque
1003 361 1062 405 ex-

155 437 398 523 splendescebat
420 460 515 523 quam
537 441 687 523 generosi
715 440 925 527 condiscipuli
954 443 1062 509 animo

128 554 257 626 4aequo
295 542 379 606 ferre
415 549 557 627 possent.
609 543 722 626 Itaque
760 545 912 610 incitabat
950 568 1064 612 omnes

125 635 128 639 ’
154 645 259 708 studio
283 666 351 728 suc,
375 667 438 727 quo
460 646 493 708 in
514 667 648 711 numero
667 648 795 712 fuerunt
816 648 854 713 L.
870 650 1063 735 Torquatus,

155 746 191 814 0.
214 749 333 813 Marius
361 749 460 832 filius,
489 749 533 814 M.
558 750 687 815 Cicero:
718 772 797 834 quos
828 751 1061 818 consuetudine

96 880 99 885 ·
155 874 212 916 sua
227 853 271 916 sic
288 852 441 935 devinxit,
458 858 494 916 ut
508 875 603 918 nemo
619 854 658 917 iis
669 861 826 939 perpetuo
840 856 1061 936 fueritlcarior.

130 972 141 1012 1
218 955 263 1019 H.
291 955 389 1018 Pater
420 961 551 1040 mature¹
574 955 720 1021 decessit.
764 958 839 1043 Ipse
870 960 1061 1024 adulescen-

154 1059 238 1121 tulus
253 1063 385 1142 propter
400 1057 597 1149 adfinitatem
618 1059 655 1125 P.
675 1060 815 1145 Sulpicii,
838 1063 892 1147 qui
914 1063 1062 1128 tribunus

154 1161 242 1245 plebi
269 1161 455 1225 interfectus
484 1168 549 1246 est,
579 1184 645 1228 non
676 1185 792 1248 expers
815 1165 875 1229 fuit
896 1166 979 1230 illius
1001 1189 1061 1250 pe-

154 1264 262 1329 riculi:
307 1286 445 1350 namque
480 1263 613 1348 Anicia,
649 1265 822 1351 Pomponii
859 1269 1061 1353 consobrina,

131 1375 305 1453 anupserat
327 1369 449 1451 Servio,
472 1369 562 1432 fratri
578 1369 718 1454 Sulpicii.
754 1369 867 1454 Itaque
890 1372 1060 1437 interfecto

55 1501 57 1506 ·
155 1474 294 1559 Sulpicio
317 1478 528 1558 posteaquam
548 1472 630 1536 vidit
652 1471 797 1537 Cinnano
821 1475 960 1537 tumultu
983 1475 1060 1539 civi-

154 1582 251 1641 tatem
270 1597 338 1640 esse
355 1575 573 1660 perturbatam
587 1597 692 1660 neque
708 1575 767 1639 sibi
794 1575 861 1639 dari
875 1576 1060 1642 facultatem

153 1701 212 1765 pro
246 1679 399 1762 dignitate
431 1677 579 1761 vivendi,
611 1679 687 1764 quin
717 1679 903 1743 alterutram
933 1686 1060 1763 partem

156 1782 351 1863 offenderet,
383 1780 558 1844 dissociatis
590 1781 702 1844 animis
735 1781 868 1865 civium,
902 1803 975 1845 cum
1006 1782 1060 1846 alii

154 1887 301 1969 Sullanis,
324 1886 376 1949 alii
393 1885 544 1950 Cinnanis
565 1884 710 1949 faverent
731 1885 884 1969 partibus,
906 1884 1062 1949 idoneum'

154 1997 280 2076 tempus
300 1994 388 2053 ratus
410 1987 523 2052 studiis
546 1988 744 2073 obsequendi
770 1988 834 2051 suis
856 1987 1001 2052 Athenas
1024 2009 1060 2052 se

155 2094 299 2158 contulit.
343 2092 457 2176 Neque
481 2112 520 2157 eo
544 2092 643 2156 setius
666 2092 907 2156 adulescentem
921 2091 1060 2154 Marium

154 2198 280 2262 hostem
302 2195 477 2260 iudicatum
498 2194 579 2258 iuvit
599 2195 712 2278 opibus
734 2194 814 2275 suis;
839 2194 926 2257 cuius
949 2193 1060 2276 fugam

131 2301 291 2386 ³pecunia
312 2298 499 2362 sublevavit.
543 2297 593 2362 Ac
614 2320 655 2363 ne
677 2299 732 2362 illa
760 2298 976 2382 peregrinatio
1002 2296 1060 2361 de-

154 2406 340 2468 trimentum
362 2399 492 2482 aliquod
514 2399 655 2465 adferret
682 2401 729 2465 rei
750 2401 913 2482 familiari,
943 2399 1061 2464 eodem

154 2526 303 2590 magnam
325 2509 450 2588 partem
465 2503 663 2566 fortunarum
677 2504 802 2568 traiecit
824 2525 962 2568 suarum.
995 2503 1062 2568 Hic

154 2612 199 2675 ita
220 2610 311 2691 vixit,
333 2614 369 2672 ut
390 2607 545 2671 universis
560 2606 810 2671 Atheniensibus
833 2606 948 2669 merito
973 2612 1062 2670 esset

128 2716 344 2780 4⁴oarissimus.
387 2712 472 2776 Nam
492 2716 621 2795 praeter
643 2711 793 2794 gratiam,
824 2730 904 2793 quae
934 2709 999 2772 iam
1026 2709 1062 2773 in

156 2817 395 2883 adulescentulo
419 2836 536 2897 magna
558 2820 642 2896 erat,
670 2835 766 2898 saepe
789 2814 853 2877 suis
876 2812 989 2898 opibus
1010 2812 1061 2876 in·

157 2923 263 3008 opiam
286 2941 398 2985 eorum
419 2919 579 3004 publicam
600 2918 729 2983 levavit.
776 2917 858 2981 Oum
881 2917 965 2982 enim
986 2938 1061 2981 ver·

156 3047 262 3091 suram
289 3023 394 3088 facere
423 3021 549 3107 publice
578 3041 711 3086 necesse
741 3025 827 3085 esset
854 3041 959 3106 neque
992 3022 1061 3086 eius

156 3127 378 3193 condicionem
401 3146 537 3210 aequam
557 3124 729 3207 haberent,
758 3145 885 3208 semper
905 3146 939 3188 se
961 3124 1060 3189 inter-

155 3232 263 3317 posuit
291 3237 386 3315 atque
415 3230 475 3311 ita,
505 3233 541 3292 ut
563 3248 667 3312 neque
689 3248 819 3291 usuram
852 3227 992 3311 iniquam
1020 3229 1060 3291 ab

156 3334 195 3398 iis
224 3333 382 3418 acceperit
409 3352 514 3416 neque
543 3331 671 3414 longius
700 3351 795 3416 quam
825 3328 944 3394 dictum
975 3335 1063 3394 esset
