2400 3848
456 247 474 285 1.
494 245 662 285 amuranus.
683 247 702 285 2.
1013 253 1030 306 3

130 396 197 454 tum
219 391 414 474 iudicarunt,
438 392 568 475 accidit,
596 397 632 456 ut
653 391 869 459 Athenienses
893 393 1029 459 Cherso-

128 507 241 559 nesum
274 496 406 559 colonos
435 496 556 560 vellent
588 497 725 562 mittere.
772 497 868 562 Ouius
904 498 1065 582 generisr

129 621 202 664 cum
230 619 364 682 magnus
392 621 543 664 uumerus
575 607 660 666 esset
690 608 723 666 et
753 603 846 665 multi
875 603 942 666 eius
974 600 1030 664 de·

129 703 327 785 migrationis
357 708 506 788 peterent
535 705 740 787 societatem,
773 727 816 770 ex
845 705 883 769 iis
915 703 1032 768 delecti

70 849 73 855 ·
129 807 273 891 Delphos
298 806 508 872 deliberatum
530 809 723 890 missisunt,
747 829 809 892 quo
832 807 1030 893 potissimum

130 911 210 976 duce
239 917 417 977 uterentur.
460 912 606 996 Namque
637 920 704 976 turn
732 913 871 977 Thraces
903 933 957 977 eas
979 933 1030 976 re·

129 1016 241 1098 giones
272 1015 444 1097 tenebant,
473 1035 546 1078 cum
576 1016 689 1100 quibus
717 1017 812 1079 armis
840 1021 910 1081 erat
939 1015 1030 1079 dimi-

129 1117 276 1183 candum.
321 1119 382 1182 His
419 1119 656 1183 consulentibus
692 1120 880 1183 nominatim
914 1119 1067 1204 Pythiae

128 1222 307 1306 praecepit,
345 1227 381 1283 ut
412 1221 590 1286 Miltiadem
624 1223 852 1306 imperatorem
886 1222 946 1286 sibi
978 1244 1030 1285 su·

129 1330 269 1388 merent:
297 1324 331 1387 id
354 1325 561 1406 olfecissem,
584 1325 712 1409 incepta
733 1346 887 1410 prospera
915 1325 1030 1388 futura.

129 1427 202 1490 Hoc
243 1427 363 1491 oraculi
398 1447 553 1511 responso
590 1427 750 1491 Miltiades
795 1450 867 1492 cum
906 1427 1066 1492 delectae

129 1551 225 1593 manu
262 1531 361 1593 classe
401 1529 637 1594 Chersonesum
674 1531 836 1615 profectus
874 1552 946 1594 oum
979 1551 1030 1594 ac-

130 1633 276 1696 cessisset
305 1632 463 1696 Lemnum
497 1639 530 1696 et
558 1634 678 1697 incolas
716 1635 784 1698 eius
818 1635 939 1698 insulae
974 1634 1031 1698 sub

129 1740 321 1820 potestatem
351 1734 499 1818 redigere
531 1737 630 1800 vellet
658 1736 904 1800 Atheniensium
934 1737 1030 1821 idque

130 1844 165 1902 ut
199 1859 257 1901 sua
293 1842 407 1921 sponte
444 1839 587 1902 facerent
623 1841 837 1923 postulasset,
875 1842 922 1904 illi
959 1843 1065 1904 imi-r,

132 1945 244 2010 dentes
275 1942 510 2029 responderunt
542 1950 610 2032 tum
639 1944 673 2008 id
704 1966 738 2008 se
770 1945 925 2028 facturos,
961 1965 1034 2008 cum

49 2053 52 2060 '
131 2048 184 2114 ille
223 2046 319 2111 domo
352 2047 484 2111 navibus
516 2049 720 2132 proficiscens
752 2053 849 2112 vento
883 2048 1032 2133 aquilone

131 2150 271 2213 venisset
292 2149 460 2213 Lemnum.
504 2150 568 2213 Hic
591 2151 677 2214 enim
698 2156 813 2215 ventus
842 2151 881 2214 ab
904 2156 1032 2235 septen·

101 2310 102 2313 ,
130 2252 285 2316 trionibus
309 2253 414 2317 oriens
437 2252 606 2317 adversum
628 2258 718 2318 tenet
748 2253 884 2317 Athenis
906 2254 1032 2338 profici·

131 2355 301 2420 scentibus.
339 2355 500 2420 Miltiades
515 2354 662 2419 morandi
683 2361 810 2440 tempus
831 2376 897 2419 non
912 2354 1033 2420 habens
1056 2386 1069 2424 o

132 2479 258 2523 cursum
281 2456 407 2539 direxit,
431 2478 493 2542 quo
517 2456 679 2540 tendebat,
702 2459 910 2542 pervenitque
933 2457 1032 2522 Oher·

131 2584 290 2627 sonesum.

196 2665 240 2729 Π.
262 2665 312 2728 Ibi
334 2665 422 2730 brevi
446 2671 592 2750 tempore
615 2666 824 2730 barbarorum
846 2667 945 2750 copiis
969 2667 1033 2730 dis·
1058 2698 1068 2736 1

132 2769 238 2848 ieetis,
261 2772 330 2830 tote
350 2768 499 2851 regione,
529 2790 624 2852 quam
646 2770 799 2852 petierat,
821 2770 942 2853 potitus
964 2770 1036 2832 loca

134 2871 270 2933 castellis
292 2870 410 2934 idonea
433 2873 634 2955 communiit,
657 2872 910 2955 multitudinem,
940 2893 1033 2956 quam

133 2991 242 3035 secum
277 2970 430 3056 duxerat,
468 2974 501 3036 in
534 2975 617 3058 agris
655 2976 823 3039 collocavit
854 2974 1035 3060 crebrisque

134 3075 375 3138 excursionibus
398 3077 615 3161 locupletavit.
660 3078 774 3162 Neque
803 3078 907 3141 minus
935 3079 968 3140 in
998 3100 1069 3152 ea2

133 3198 168 3240 re
196 3177 366 3261 prudentia
395 3200 489 3263 quam
516 3180 667 3245 felicitate
697 3181 823 3244 adiutus
850 3186 907 3244 est.
951 3180 1036 3245 Nam

134 3301 206 3343 cum
228 3280 345 3345 virtute
368 3281 504 3345 militum
521 3283 689 3347 devicisset
710 3283 850 3346 hostium
866 3285 1034 3366 exercitus,

135 3403 258 3446 summa
280 3383 439 3469 aequitate
462 3406 514 3449 res
529 3386 692 3449 constituit
715 3391 809 3470 atque
832 3386 901 3470 ipse
916 3385 1035 3450 ibidem

842 3495 854 3538 1
864 3487 880 3520 'b
