2400 3848
422 265 490 304 XVI..
499 265 666 304 PELOPIDAS.
687 266 705 304 ὓ.
718 266 737 306 3.
993 270 1029 327 85

187 411 231 477 Π.
260 412 305 475 Ηί
335 433 446 476 omnes
476 412 544 477 fere
575 412 720 477 Athenas
752 435 786 478 se
819 415 1061 498 contulerant]

123 536 188 579 non
218 536 281 599 quo
311 521 521 599 sequerentur
546 517 662 599 otium,
696 517 754 581 sed
783 523 834 598 ut,
865 539 960 601 quem
989 539 1031 581 ex
1072 509 1077 518 '

123 621 271 705 proximo
295 620 402 683 locum
424 619 489 683 fors
513 620 695 704 obtulisset,
718 642 757 686 eo
780 622 916 705 patriam
938 641 1029 684 recu-

125 745 238 809 perare
253 725 440 788 niterentur.
478 725 590 809 ltaque
615 746 687 788 cum
709 730 835 808 tempus
858 730 906 789 est
928 724 1065 796 visum2

124 829 172 894 rei
193 829 372 914 gerendae,
402 829 614 894 communiter
645 851 716 893 oum
745 830 800 912 iis,
830 830 884 914 qui
912 828 1030 892 Thebis

123 931 211 997 idem
242 933 437 1016 sentiebant,
473 933 558 998 diem
594 932 784 1017 delegerunt
815 933 856 996 ad
886 933 1030 996 inimicos

125 1029 352 1119 opprimendos
376 1036 600 1121 civitatemque
623 1038 821 1101 liberandam
845 1058 934 1119 eum,
966 1056 1028 1120 quo

123 1139 256 1202 maximi
291 1141 494 1223 magistratus
531 1140 625 1204 simul
662 1146 853 1205 consuerant
898 1138 1029 1224 epulari.

123 1241 261 1326 Magnae
293 1264 389 1326 saepe
421 1264 473 1306 res
502 1265 568 1307 non
597 1244 643 1306 ita
672 1244 795 1326 magnis
828 1242 926 1326 copiis
958 1246 1065 1314 sunt„

124 1350 245 1428 gestae,
269 1345 327 1410 sed
342 1345 487 1430 profecto
503 1366 677 1429 numquam
692 1351 758 1409 tam
781 1345 820 1410 ab
836 1345 924 1409 tenui
939 1344 1028 1407 initio

124 1455 231 1514 tantae
271 1471 349 1534 opes
387 1455 460 1513 sunt
497 1450 694 1534 profligatae.
739 1449 822 1512 Nam
860 1447 1030 1511 duodecim

125 1550 357 1621 adulescentuli
387 1553 531 1616 coierunt
562 1573 604 1617 ex
632 1553 685 1635 iis,
715 1553 769 1636 qui
798 1551 909 1615 exsilio
940 1556 1030 1614 erant

124 1656 260 1739 multati,
284 1677 355 1720 cum
372 1656 500 1720 omnino
523 1676 590 1719 non
613 1661 720 1720 essent
740 1654 875 1738 amplius
892 1658 1029 1736 centum,

125 1762 178 1845 qui
210 1766 299 1824 tanto
333 1783 368 1825 se
399 1762 552 1825 offerrent
580 1761 733 1845 periculo.
780 1759 848 1831 Qua
871 1757 1029 1842 paucitate

24 1866 26 1871 ’
124 1864 272 1948 perculsa
292 1869 340 1927 est
354 1863 684 1928 Lacedaemoniorum
699 1862 853 1947 potentia.
885 1861 929 1923 Hi
947 1861 1030 1924 enim
1053 1907 1064 1941 4

124 1988 191 2031 non
212 1967 314 2049 magis
330 1967 585 2031 adversariorum
605 1967 735 2030 factioni
758 1986 853 2049 quam
868 1964 1030 2049 Spartanis

126 2092 165 2135 co
189 2077 335 2156 tempore
352 2071 473 2134 bellum
489 2070 674 2151 intulerunt,
698 2069 751 2153 qui
766 2068 925 2152 principes
942 2072 1031 2129 erant

124 2177 223 2240 totius
248 2175 420 2240 Graeciae:
445 2195 580 2259 quorum
602 2173 727 2256 imperii
745 2171 903 2252 maiestas,
926 2191 1030 2253 neque

125 2284 171 2347 ita
203 2285 303 2347 multo
340 2287 430 2367 post,
462 2280 631 2344 Leuctrica
664 2300 772 2364 pugna
804 2273 842 2343 ab
876 2281 938 2345 hoc
972 2281 1030 2345 ini·

126 2387 171 2450 tio
194 2387 345 2452 concidit.
390 2385 442 2447 Illi
464 2384 561 2468 igitur
587 2382 775 2465 duodecim,
805 2404 940 2467 quorum
964 2384 1031 2447 dux
1055 2409 1067 2446 a

104 2496 195 2554 erat
226 2489 417 2573 Pelopidas,
449 2486 588 2551 Athenis
620 2487 761 2550 interdiu
797 2487 960 2568 exierunt,
995 2492 1031 2550 ut

124 2597 371 2677 vesperascente
406 2592 494 2654 caelo
526 2589 653 2653 Thebas
688 2598 820 2675 possent
850 2592 1029 2675 pervenire,

126 2724 197 2767 eum
232 2705 361 2769 canibus
394 2707 565 2786 venaticis,
603 2706 684 2770 retia
717 2694 876 2783 ferentes,
914 2705 1032 2769 vestitu

126 2809 254 2889 agresti,
278 2829 340 2891 quo
357 2809 486 2874 minore
503 2808 683 2893 suspicione
699 2808 842 2872 facerent
864 2808 934 2871 iter.
971 2806 1032 2881 Qui

126 2930 199 2973 cum
222 2915 367 2995 tempore
391 2913 470 2996 ipso,
494 2934 556 2997 quo
579 2913 776 2995 studuerant,
801 2911 1031 2995 pervenissent,

127 3012 258 3074 domum
282 3011 435 3075 Charonis
459 3012 680 3097 deverterunt,
712 3035 731 3077 a
762 3035 823 3098 quo
849 3019 882 3077 et
904 3019 1031 3097 tempus

126 3119 159 3177 ct
182 3114 249 3178 dies
273 3119 342 3177 erat
366 3115 467 3180 datus.

189 3217 249 3282 III·
278 3219 352 3282 Hoc
366 3219 439 3283 loco
454 3220 533 3296 libet
546 3222 760 3306 interponere,
778 3221 836 3284 etsi
853 3220 1031 3283 seiunctum
1053 3255 1064 3293 1

126 3321 164 3386 ab
187 3344 222 3387 re
245 3323 410 3407 proposita
430 3330 496 3408 est,
524 3325 622 3388 nimia
649 3324 766 3388 fiducia
788 3330 923 3408 quantae
947 3323 1029 3387 cala-

125 3426 227 3489 mitati
249 3427 351 3491 soleat
374 3448 454 3492 esse.
497 3427 582 3492 Nam
602 3429 843 3512 magistratuum
858 3425 1028 3489 Thebano·
