2400 3848
451 229 517 269 xxv.
537 227 664 267 11110110,
684 226 715 266 10.
977 219 1029 274 141

130 402 238 445 rerum
259 383 444 468 potiturum,
490 381 618 446 Scilicet
640 401 659 444 a
686 378 848 444 nonnullis
872 379 1066 463 optimati-r

130 481 190 548 bus
212 485 525 569 reprehendebatur,
556 484 643 568 quod
665 505 778 568 parum
802 481 908 547 odisse
930 482 1032 546 malos

131 576 217 651 ciies
231 587 409 670 videretur3
432 589 486 652 ille
499 597 610 677 autem
628 588 677 651 sui
693 586 802 651 iudicii
820 586 937 671 potius,
954 584 1031 669 quid

130 709 166 753 se
194 689 298 754 facere
326 714 385 775 par
413 696 514 773 esset,
543 691 726 755 intuebatur
753 711 848 774 quam
872 688 949 773 quid
979 687 1032 753 alii

128 793 288 857 laudaturi
310 795 425 858 forent.

196 890 238 954 X.
269 890 434 955 Conversa
455 891 558 954 subito
574 892 703 955 fortuna
725 896 782 955 est.
816 889 862 953 Ut
876 887 1035 952 Antonius
1056 926 1068 967 1

131 994 227 1059 rediit
249 996 281 1058 11
303 995 446 1077 Italiam,
476 1015 571 1059 nemo
602 1015 667 1059 non
688 1013 806 1078 magno
838 993 871 1057 in
893 992 1034 1076 periculo

132 1097 274 1162 Atticum
302 1103 430 1182 putarat
457 1104 589 1182 propter
617 1099 761 1161 intimam
789 1095 1035 1160 familiaritatem

133 1200 297 1266 Ciceronis
321 1207 354 1265 01
374 1201 477 1264 Bruti.
521 1201 634 1286 ltaque
666 1200 707 1264 ad
730 1200 903 1264 adventum
932 1199 1070 1283 impe-2

129 1309 274 1368 natorum
297 1303 337 1367 dc
355 1304 425 1381 foro
443 1304 624 1368 decesserat
638 1303 1035 1388 timensproscriptionem

130 1406 312 1492 latebatque
337 1408 423 1492 apud
444 1408 481 1472 P.
505 1408 722 1488 Volumnium,
745 1409 805 1490 oui,
836 1412 873 1471 ut
895 1405 1034 1470 ostendi-

130 1525 219 1594 mus',
240 1512 337 1596 paulo
362 1518 434 1577 ante
459 1533 554 1597 opem
576 1513 693 1577 tulerat
715 1511 817 1593 (10110
837 1511 975 1574 varietas
997 1509 1036 1572 iis

130 1615 328 1699 temporibus
343 1615 402 1678 fuit
417 1615 573 1698 fortunae,
597 1621 633 1679 ut
647 1615 745 1679 modo
767 1615 801 1678 hi
815 1613 913 1677 modo
935 1611 983 1675 illi
1002 1611 1036 1674 in

130 1739 255 1781 summo
272 1724 379 1782 essent
401 1724 455 1780 aut
469 1719 595 1802 fastigio
620 1724 674 1781 aut
690 1717 858 1804 periculo),
882 1715 1035 1780 habebat-

131 1841 194 1906 que
217 1841 326 1884 secum
349 1820 387 1894 Q.
405 1820 544 1885 Gellium
569 1821 701 1903 Canum,
724 1821 892 1904 aequalem
913 1818 1034 1881 similli-

127 1944 281 2007 mumque
313 1924 370 1987 sui.
416 1921 503 2002 (Hoc
533 1945 658 2009 quoque
690 1925 731 1987 sit
762 1923 862 1987 Attici
882 1921 1069 2000 bonitatis,

130 2028 326 2110 'exemplum
351 2028 438 2111 quod
460 2050 532 2092 cum
555 2050 605 2110 eo,
624 2050 725 2113 ,quem
743 2047 879 2112 puerum
900 2026 935 2089 in
955 2024 1032 2089 ludo

127 2137 296 2214 cognorat,
320 2130 401 2195 adeo
426 2132 593 2196 coniuncte
616 2133 713 2211 vixit,
734 2136 771 2194 ut
794 2130 834 2193 ad
857 2134 1034 2193 extremam

131 2239 270 2298 aetatem
282 2235 421 2297 amicitia
436 2255 547 2299 eorum
560 2235 718 2314 creverit.)
742 2233 901 2297 Antonius
916 2237 1033 2314 autem,
1055 2273 1068 2310 4

131 2337 192 2401 etsi
214 2342 302 2426 tanto
334 2337 408 2401 odio
432 2338 595 2402 ferebatur
615 2340 649 2403 in
672 2339 873 2419 Ciceronem,
905 2343 941 2400 ut
969 2357 1034 2401 non

130 2440 236 2504 solum
264 2441 311 2521 ei,
339 2438 397 2504 scd
427 2441 524 2506 etiam
553 2442 699 2505 omnibus
729 2442 796 2505 eius
819 2441 927 2504 amicis
950 2445 1035 2505 esset

129 2542 276 2607 inimicus
307 2563 428 2628 eosque
461 2544 562 2608 101101
590 2545 789 2628 proscribere
820 2545 929 2608 multis
959 2544 1033 2608 hor·

129 2647 286 2728 tantibus,
317 2652 425 2712 tamen
447 2647 548 2711 Attici
569 2668 694 2711 memor
715 2648 775 2711 fuit
804 2648 898 2712 officii
930 2653 963 2712 01
994 2649 1034 2730 01,

130 2771 203 2814 cum
224 2751 417 2834 requisisset,
440 2750 569 2814 ubinam
585 2756 680 2830 esset,
704 2772 761 2814 sua
783 2772 879 2814 manu
899 2749 1032 2833 scripsit,

129 2873 171 2917 10
193 2854 321 2917 timeret
344 2854 512 2937 statimque
541 2852 583 2917 ad
605 2875 639 2918 se
661 2856 802 2918 veniret:
834 2875 867 2918 00
898 2874 972 2917 eum
1000 2857 1033 2916 et

128 2955 214 3019 illius
247 2976 342 3018 causa
374 2955 497 3019 Canum
536 2955 576 3021 de
611 2958 863 3040 proscriptorum
897 2975 1041 3021 numero

130 3059 298 3122 exemisse.
335 3057 386 3121 Ac
407 3079 448 3122 10
465 3058 551 3142 quod
566 3059 742 3142 periculum
757 3059 922 3141 incideret,
946 3059 1032 3142 quod

129 3166 227 3224 noctu
257 3160 368 3241 fiebat,
399 3160 594 3245 praesidium
626 3161 656 3226 01
686 3162 780 3226 misit.
825 3163 876 3226 Sic
907 3162 1065 3239 Atticus,

128 3264 162 3327 iu
184 3283 307 3326 summo
332 3264 446 3327 timore
469 3283 534 3326 non
557 3265 662 3328 solum
683 3265 758 3347 sibi,
791 3263 849 3329 sed
871 3267 968 3330 etiam
990 3266 1030 3347 ci,

129 3387 225 3453 quem
247 3368 441 3431 carissimum
458 3368 606 3450 habebat,
628 3369 788 3454 praesidio
810 3368 879 3432 fuit.
915 3369 1029 3454 Neque
