2400 3848
439 219 489 258 vn.
509 218 688 259 mammons.
708 220 726 258 1.
997 222 1033 278 31

129 367 295 455 Lysander
316 366 496 451 praefectus
525 365 633 429 classis
661 364 802 428 inbelle
836 364 936 427 multa
965 385 1035 427 cru-

131 472 245 536 deliter
268 490 425 553 avareque
455 467 584 532 fecisset
606 468 710 554 deque
740 468 778 532 iis
807 469 902 532 rebus
934 469 1036 553 suspi-

130 579 255 639 caretur
286 572 327 635 ad
359 573 444 635 cives
476 592 550 635 suos
583 594 653 637 esse
684 571 861 657 perlatum,
894 572 987 656 petiit
1018 593 1037 634 a

130 674 347 758 Pharnabazo,
369 681 405 738 ut
419 674 461 738 ad
474 675 612 760 ephbros
626 676 686 768 sibi
701 676 919 740 testimonium
935 674 1037 756 daret,

131 784 248 865 quanta
270 780 435 843 sanctitate
457 778 579 842 bellum
595 779 746 862 gessisset
767 779 933 864 sociosque
955 784 1037 842 trac-

130 888 242 966 tasset,
273 882 376 968 deque
400 903 438 947 ea
460 903 495 946 re
518 887 664 947 accurate
688 882 857 947 scriberet:
887 902 1037 966 magnam

131 986 217 1050 enim
249 986 316 1050 eius
339 984 563 1049 auctoritatem
585 984 618 1047 in
639 1005 679 1047 ea
699 1005 735 1048 re
757 984 908 1048 futuram.
952 982 1072 1056 Huic2

130 1090 184 1153 ille
206 1088 381 1154 liberaliter
403 1088 589 1173 pollicetur:
614 1087 731 1151 librum
752 1087 908 1171 grandem
931 1085 1037 1150 verbis

131 1192 238 1256 multis
270 1189 474 1276 conscripsit,
505 1189 538 1253 in
567 1189 681 1274 quibus
710 1191 840 1253 summis
871 1211 945 1254 eum
976 1188 1038 1252 fert

131 1292 287 1357 laudibus.
333 1292 437 1366 Quem
456 1312 529 1356 cum
550 1292 682 1375 legisset
695 1292 936 1376 probassetque,
961 1291 1038 1355 dum

132 1397 283 1479 signatur,
306 1395 442 1460 alterum
463 1395 533 1481 pari
554 1394 785 1478 magnitudine,
817 1399 907 1458 tanta
928 1394 1038 1457 simili·

130 1494 251 1582 tudine,
274 1503 310 1562 ut
333 1497 469 1562 discerni
490 1518 556 1561 non
570 1504 688 1583 posset,
711 1499 871 1582 signatum
894 1496 1037 1577 subiecit,

131 1601 248 1685 inquo
273 1601 509 1665 accuratissime
533 1603 600 1665 eius
624 1602 790 1666 avaritiam
807 1601 1037 1687 perfidiamque

132 1709 303 1768 accusarat.
345 1703 522 1789 Lysander,
546 1705 679 1769 domum
694 1726 767 1769 cum
781 1703 927 1787 redisset,
948 1708 1037 1789 post·
1060 1747 1073 1786 3

133 1828 228 1891 quam
252 1808 291 1872 de
316 1810 380 1872 suis
402 1809 498 1873 rebus
520 1811 620 1892 gestis
642 1808 728 1894 apud
742 1809 919 1872 maximum
938 1807 1038 1892 magi-

133 1915 282 1993 stratum,
305 1933 387 1995 quae
409 1914 573 1995 voluerat,
597 1913 738 1995 dixerat,
769 1913 944 1977 testimonii
965 1913 1037 1975 loco
1120 1949 1121 1953 =

133 2013 250 2076 librum
273 2033 292 2076 a
313 2013 519 2078 Pharnabazo
538 2015 648 2078 datum
661 2012 802 2078 tradidit.
836 2013 932 2078 Hunc
953 2034 1038 2076 sum·

134 2120 222 2179 moto
246 2115 413 2200 Lysandro
444 2138 516 2181 cum
539 2117 651 2201 ephori
675 2120 882 2200 cognossent,
911 2116 972 2199 ipsi
992 2115 1038 2179 le-

133 2218 276 2302 gendum
300 2218 466 2284 dederunt.
511 2218 562 2284 Ita
591 2220 645 2283 ille
668 2218 852 2303 imprudens
873 2219 942 2304 ipse
965 2240 1039 2282 suus

134 2322 193 2386 fuit
216 2327 390 2387 aecusator.

546 2554 623 2618 VH.

434 2693 735 2769 ALGLBIADES.

200 2843 227 2907 1.
259 2798 524 2928 crassiores,
558 2845 718 2910 ousiae
756 2845 887 2929 fusus,
919 2845 1073 2917 Athe-1

138 2947 302 3010 niensis.
347 2947 387 3010 In
418 2947 496 3030 hoo,
529 2948 605 3032 qnid
633 2955 747 3013 natura
776 2949 902 3013 efficere
930 2951 1040 3036 possit,

136 3049 263 3114 videtur
286 3056 428 3135 experta.
476 3049 610 3115 Constat
632 3053 718 3116 enim
740 3053 823 3115 inter
845 3073 964 3135 omnes,
987 3055 1041 3137 qui

138 3151 177 3216 de
210 3172 249 3216 eo
282 3153 456 3218 memoriae
486 3155 712 3239 prodiderunt,
748 3155 826 3218 nihil
857 3156 913 3220 illo
944 3156 1040 3220 fuisse

137 3255 347 3319 excellentius
368 3257 420 3321 vel
442 3258 476 3321 in
497 3259 581 3322 vitiis
603 3261 656 3323 vel
678 3261 711 3324 in
725 3258 903 3323 virtutibus.
939 3260 1041 3324 Natus
1063 3288 1076 3327 a

137 3359 169 3420 in
192 3359 386 3444 amplissima
417 3361 544 3426 ciuitate
574 3383 698 3426 summo
728 3381 865 3446 genere,
899 3362 1041 3426 omnium
