2400 3848
162 263 200 318 34
467 258 529 299 rur
548 258 721 300 rmornnus.
742 261 761 300 a

162 407 362 492 auctoritati,
399 408 487 472 velut
522 407 557 472 in
593 429 651 472 sua
684 430 781 473 manu
814 416 900 474 esset
929 410 1073 476 fortrma.

163 511 234 586 Quo
260 509 484 593 contenderat,
515 513 664 596 pervenit
687 512 866 598 eodemque
896 519 931 578 ut
954 535 1074 598 seque·

161 623 273 680 rentur
305 616 347 680 ad
381 616 586 682 Timotheum
624 622 657 682 et
690 616 887 702 Iphicratem
922 618 1072 681 nuntium

162 719 257 783 misit.
301 718 493 783 Hinomalc
516 725 675 804 regesta,
708 720 922 805 compluribus
946 719 1075 783 amissis

161 823 295 887 navibus
318 842 368 905 eo,
390 821 476 886 unde
500 827 568 886 erat
588 821 767 907 profectus,
790 844 824 888 se
847 822 961 907 recipit
982 821 1072 886 litte·

161 947 277 1011 rasque
291 925 436 990 Athenas
457 926 584 1012 publice
606 926 708 991 misit:
731 927 791 991 sibi
806 925 949 1011 proclive
972 924 1074 990 fuisse

163 1028 294 1093 Samum
328 1049 461 1114 capere,
498 1028 559 1092 nisi
590 1049 610 1092 a
641 1028 810 1094 Timotheo
846 1033 878 1094 et
907 1028 1074 1113 Iphicrate

127 1155 140 1193 s
163 1131 308 1195 desertus
336 1137 429 1197 esset
473 1131 616 1216 Populus
639 1153 722 1216 acer,
745 1133 894 1219 suspicax
917 1134 957 1197 ob
982 1153 1074 1198 eam-

162 1256 223 1320 que
252 1256 322 1299 rem
351 1235 495 1318 mobilis,
528 1235 746 1318 adversarius,
778 1237 903 1301 invidus
936 1235 1073 1318 (etenim

161 1338 325 1424 potentiae
349 1338 382 1402 in
406 1339 526 1403 crimen
541 1339 750 1422 vocabantur)
775 1339 906 1404 domum
921 1347 1074 1406 revocat:

127 1504 132 1522 ,
162 1446 350 1506 accusantur
386 1441 585 1526 proditionis.
635 1441 709 1506 Hoc
745 1442 863 1506 iudicio
903 1442 1075 1508 damnatur

165 1545 354 1609 Timotheus
383 1544 486 1627 lisque
510 1544 579 1609 eius
602 1544 790 1609 aestimatur
811 1550 942 1609 centum
969 1546 1075 1612 talen·

165 1647 217 1712 tis.
268 1646 330 1709 llle
364 1645 437 1710 odio
469 1646 615 1728 ingratae
646 1647 782 1712 ciuitatis
818 1646 1005 1711 Chalcidem
1035 1669 1076 1714 se

167 1751 312 1814 contulit.

134 1882 147 1923 1
231 1852 290 1916 IV.
327 1851 432 1915 Huius
460 1857 533 1936 post
565 1859 702 1918 mortem
732 1874 805 1917 cum
838 1853 993 1938 populum
1023 1853 1077 1920 iu·

168 1956 243 2021 dicii
273 1954 323 2019 sui
355 1954 550 2039 paeniteret,
582 1955 702 2018 multae
730 1976 849 2021 novem
877 1964 984 2041 partes
1014 1954 1074 2020 de·

166 2059 265 2122 traxit
294 2063 326 2122 et
355 2055 467 2121 decem
495 2056 617 2122 talenta
647 2056 831 2141 Cononem,
862 2058 963 2122 filium
993 2057 1076 2142 eius,

167 2163 208 2226 ad
222 2163 303 2225 muri
323 2159 484 2243 quandam
506 2166 630 2245 partem
646 2161 853 2226 reficiendam
874 2162 969 2244 iussit·
983 2161 1073 2228 dare.

167 2263 206 2328 ln
229 2285 292 2348 quo
315 2263 462 2328 fortunae
484 2263 623 2327 varietas
645 2268 694 2328 est
716 2265 948 2329 animadversa.
988 2264 1075 2329 Nam

168 2387 248 2450 quos
271 2387 349 2430 avus
371 2385 481 2430 muros
505 2387 547 2430 ex
568 2367 711 2431 hostium
733 2366 856 2453 praeda
877 2367 1076 2450 restituerat,

169 2468 303 2533 eosdem
332 2488 434 2551 nepos
468 2489 539 2533 cum
574 2491 698 2534 summa
731 2471 909 2555 ignominia
939 2490 981 2534 ex
1014 2491 1077 2534 sua

133 2592 203 2644 arc
226 2570 373 2635 familiari
402 2570 534 2636 reficere
564 2580 694 2637 coactus
726 2579 784 2638 est.
826 2572 989 2638 Timothei
1015 2593 1074 2637 au·

168 2681 234 2740 tem
264 2675 451 2739 moderatae
485 2676 702 2760 sapientisque
739 2678 825 2741 vitae
861 2698 933 2741 oum
965 2675 1074 2760 plera·

169 2800 230 2863 que
264 2778 421 2863 possimus
450 2779 594 2863 proferre
626 2779 827 2861 testimonia,
858 2798 921 2843 uno
954 2779 1074 2843 erimus

170 2882 321 2965 contenti,
344 2881 432 2966 quod
454 2903 496 2947 ex
519 2902 558 2947 eo
581 2881 674 2947 facile
698 2881 801 2946 conici
824 2881 953 2966 poterit,
977 2901 1075 2965 quam

170 3007 261 3050 carus
288 2987 354 3050 suis
384 2986 489 3052 fuerit.
536 2985 617 3050 Cum
644 2986 783 3052 Athenis
814 2984 1077 3050 adulescentulus

171 3110 296 3153 causam
334 3089 475 3172 diceret,
514 3110 581 3153 non
617 3089 723 3152 solum
762 3089 856 3153 amici
893 3088 1076 3174 privatique

169 3191 312 3277 hospites
334 3192 376 3256 ad
398 3214 473 3257 eum
496 3191 736 3256 defendendum
759 3198 988 3274 convenerunt,
1015 3190 1076 3254 sed

171 3295 266 3360 etiam
303 3295 337 3358 in
374 3294 420 3358 eis
456 3293 554 3358 lason
588 3300 762 3378 tyrannus,
808 3297 862 3380 qui
898 3294 955 3359 illo
992 3298 1078 3358 tem·

135 3418 250 3483 aporc
281 3396 341 3461 fuit
373 3395 513 3461 omnium
546 3397 798 3481 potentissimus.
842 3397 907 3461 Hic
938 3416 1011 3459 cum
1041 3395 1078 3460 in
