2400 3848
370 215 400 255 11.
420 215 645 257 unumsroonns.
670 216 688 255 2.
986 222 1019 275 11

121 365 257 429 metallis
285 364 426 448 redibat,
457 366 628 450 largitione
657 367 901 451 magistratuum
930 372 1022 452 quot·
1049 452 1050 455 Ἴ

121 468 210 531 annis
233 468 395 551 interiret,
418 469 472 533 ille
495 471 652 555 persuasit
674 470 808 555 populo,
839 476 876 534 ut
905 491 944 535 ea
965 492 1022 555 pe-

121 572 214 636 cunia
241 572 348 635 classis
378 577 506 636 centum
527 573 655 636 navium
678 572 907 638 aedificaretur.
954 573 1057 648 Quae

92 744 93 747 Ἴ
120 675 268 739 celeriter
283 673 396 739 effecta
411 675 548 758 primum
565 675 762 760 Corcyraeos
777 677 883 760 fregit,
907 675 1023 740 deiude

97 766 295 841 “maritimos
330 777 510 862 praedones
549 779 761 843 consectando
799 799 886 842 mare
920 784 1024 842 tutum

122 879 270 943 reddidit.
314 879 354 943 In
377 902 437 965 quo
463 902 535 945 cum
558 880 676 945 divitiis
693 882 816 946 ornavit
838 887 906 944 tum
929 883 1025 946 etiam

122 983 328 1068 peritissimos
347 983 436 1055 ¹¹belli
463 984 583 1047 navalis
611 984 687 1048 fecit
715 983 940 1048 Athenienses.
985 983 1059 1062 Id,

123 1094 258 1172 quantae
290 1087 383 1151 saluti
414 1087 509 1152 fuerit
537 1088 704 1152 universae
737 1087 907 1170 Graeciae,
939 1087 1024 1152 bello

121 1190 285 1273 cognitum
307 1195 356 1254 est
370 1190 511 1254 Persico.
548 1190 632 1254 Nam
656 1211 727 1253 cum
742 1190 870 1254 Xerxes
894 1189 1025 1253 otmari

122 1299 155 1358 ct
181 1299 268 1359 terra
294 1294 414 1359 bellum
436 1295 602 1359 universae
626 1294 758 1358 inferret
780 1294 929 1378 Europae
953 1313 1025 1357 cum

122 1396 217 1460 tantis
240 1397 350 1482 copiis,
374 1403 505 1482 quantas
527 1417 631 1482 neque
656 1402 728 1461 ante
752 1417 812 1461 nec
834 1401 948 1480 postea
967 1395 1024 1457 ha-

123 1499 190 1562 buit
213 1501 378 1584 quisquam
409 1498 515 1580 (huius
545 1502 629 1565 enim
656 1501 762 1564 classis
790 1500 878 1565 mille
910 1505 943 1563 et
967 1497 1060 1572 dua

122 1610 287 1668 cantarum
309 1606 437 1669 navium
459 1605 626 1689 longarum
647 1605 717 1688 fuit,
741 1625 835 1690 quam
858 1604 921 1667 duo
938 1601 1025 1665 milia

123 1709 340 1771 onerariarum
362 1708 591 1792 sequebantur3
613 1714 779 1773 terrestres
800 1713 907 1771 autem
931 1725 1023 1770 exer·
1065 1756 1066 1759 ,

122 1811 203 1874 citus
226 1812 427 1896 septingenta
447 1811 603 1897 peditum,
628 1813 769 1897 equitum
793 1810 1026 1896 quadringenta

123 1915 210 1977 milia
230 1915 371 1998 fuerunt)
395 1957 436 1966 -
459 1919 547 1980 cuius
571 1916 610 1981 de
634 1917 774 1981 adventu
798 1937 870 1980 eum
886 1916 971 1978 fama
991 1914 1060 1990 in,

124 2017 292 2081 Graeciam
321 2025 406 2083 esset
433 2021 556 2103 perlata
586 2027 619 2086 et
646 2021 785 2084 maxime
810 2019 1024 2082 Athenienses

123 2123 191 2205 peti
229 2120 409 2210 dicerentur
442 2126 574 2207 propter
608 2143 748 2207 pugnam
781 2121 1024 2202 Marathoniam,

123 2225 277 2289 miserunt
304 2226 450 2311 Delphos
480 2225 674 2309 consultum,
704 2225 854 2311 quidnam
884 2224 1026 2287 facerent

124 2327 164 2392 de
186 2327 281 2410 rebus
313 2329 384 2392 suis.
428 2328 688 2394 Deliberantibus
711 2328 828 2412 Pythia
848 2325 1024 2410 respondit,

124 2436 159 2492 ut
180 2431 346 2494 moenibus
368 2431 482 2515 ligneis
506 2451 541 2495 se
563 2431 732 2495 munirent.
776 2429 816 2493 Id
837 2448 1026 2513 responsum
1047 2465 1059 2504 a

123 2554 187 2619 quo
207 2534 339 2617 valeret,
363 2555 434 2598 eum
449 2534 653 2617 intellegeret
666 2554 772 2616 nemo,
795 2528 1026 2596 Themistocles

125 2638 280 2723 persuasit
308 2638 474 2703 consilium
504 2659 574 2702 esse
596 2637 771 2722 Apollinis,
802 2641 838 2698 ut
867 2635 900 2697 in
927 2655 1025 2699 naves

125 2763 159 2806 se
182 2762 300 2825 suaque
317 2742 512 2806 conferrent:
537 2762 611 2805 eum
627 2741 711 2804 enim
734 2761 753 2802 a
776 2738 835 2802 deo
858 2737 1027 2820 significari

125 2865 250 2907 murum
279 2845 430 2928 ligneum.
474 2845 545 2908 Tali
574 2844 704 2908 consilio
736 2843 871 2929 probato
903 2839 1061 2916 adduntg

125 2948 168 3011 ad
189 2949 367 3032 superiores
389 2947 525 3012 totidem
539 2969 637 3013 naves
652 2948 799 3011 triremes
814 2965 933 3029 suaque
957 2964 1024 3006 om-

58 3075 60 3078 ·
125 3052 188 3134 nia,
211 3071 291 3136 quae
314 3051 437 3114 moveri
459 3057 615 3136 poterant,
639 3051 753 3136 partim
772 3049 933 3112 Salamina
953 3067 1025 3132 par·

123 3152 182 3216 tim
204 3152 368 3216 Troezena
397 3158 541 3238 portant,
570 3172 678 3216 arcem
700 3151 919 3215 sacerdotibus
948 3171 1025 3234 pau·

125 3256 170 3320 cis
194 3255 367 3334 maioribus
389 3262 466 3319 natu
489 3277 526 3320 ao
548 3276 637 3320 sacra
659 3243 859 3340 procuranda
886 3254 1026 3337 tradunt,

117 3361 282 3445 reliquum
307 3360 460 3445 oppidum
483 3361 676 3444 relinquunt.
