2400 3848
408 195 458 235 VII.
479 193 657 234 ALCIBIADES.
677 194 709 233 11.
762 215 765 229 .
973 196 1008 254 41

103 350 230 415 barbari
251 346 435 412 incendium
451 344 601 428 effugisse
617 343 776 425 viderunt,
799 343 871 407 telis
887 341 1011 406 eminus

103 453 206 517 missis
218 450 447 515 interfecerunt
461 453 618 532 caputque
635 447 703 510 eius
719 446 760 510 ad
770 446 1011 510 Pharnabazum

104 556 306 620 rettulerunt.
343 551 389 616 At
403 552 528 634 mulier,
552 572 723 635 quaecum
746 571 785 621 eo
808 550 916 615 vivere
934 571 1009 613 oon·

105 663 227 739 suerat,
263 656 409 720 muliebri
447 676 504 718 sua
535 660 624 718 veste
660 658 843 718 contectum
874 651 1011 716 aedificii

104 761 253 825 incendio
291 766 454 823 mortuum
491 759 663 841 cremavit,
702 757 790 843 quod
826 756 867 820 ad
902 757 1011 820 vivum

104 862 353 928 interimendum
383 868 451 927 erat
479 868 707 947 comparatum.
753 862 805 926 Sic
827 860 1011 925 Alcibiades

105 988 205 1031 annos
235 967 361 1031 circiter
384 966 595 1051 quadraginta
623 973 716 1031 natus
749 966 834 1031 diem
858 966 936 1029 obiit
958 987 1010 1028 su-

104 1093 261 1156 premum.
977 1132 978 1135 ,

167 1177 228 1240 ΧΙ.
258 1177 355 1240 Hunc
385 1176 572 1240 infamatum
602 1197 622 1239 a
649 1176 809 1259 plerisque
842 1179 907 1238 tres
938 1194 1045 1256 gra-1

103 1282 225 1347 nissimi
271 1281 414 1345 historici
451 1280 582 1344 summis
620 1277 767 1342 laudibus
812 1277 1011 1341 extulerunt:

103 1385 328 1470 Thucydides,
352 1386 405 1470 qui
428 1383 571 1449 eiusdem
595 1384 707 1449 aetatis
730 1382 804 1465 fuit,
827 1382 1010 1465 Theopom-

104 1511 173 1575 pus,
188 1495 263 1574 post
278 1490 440 1575 aliquanto
457 1495 560 1571 natus,
578 1495 610 1553 ct
624 1489 789 1552 Timaeus:
814 1485 1012 1572 quiquidem
1092 1472 1098 1478 ’

105 1591 168 1656 duo
186 1593 477 1658 maledicentissimi
492 1592 601 1656 nescio
619 1612 681 1676 quo
697 1589 795 1655 modo
819 1593 851 1654 in
874 1591 929 1653 illo
946 1610 1010 1653 uno

103 1695 264 1759 laudando
284 1701 524 1760 consenserunt.
568 1695 716 1780 Namque
741 1717 788 1778 ea,
812 1716 892 1779 quae
917 1715 1045 1778 suprar

104 1802 295 1885 scripsimus,
319 1800 359 1866 de
375 1822 414 1865 eo
431 1801 654 1884 praedicanmt
670 1805 765 1884 atque
780 1799 842 1862 hoo
858 1799 1010 1883 amplius:

104 1923 177 1966 cum
197 1903 343 1985 Athenis,
367 1903 622 1988 splendidissima
638 1903 776 1984 civitate,
799 1906 892 1966 natus
916 1906 1010 1983 esset,

105 2026 217 2068 omnes
249 2005 420 2089 splendore
453 2027 489 2070 ac
521 2007 675 2089 dignitate
708 2027 875 2089 superasse
905 2006 1010 2085 vitae3
1080 2071 1082 2075 ,

105 2113 273 2191 postquam
305 2107 380 2172 inde
413 2110 564 2193 expulsus
596 2109 722 2173 Thebas
753 2110 893 2190 venerit,
928 2107 1045 2178 adeas

104 2210 217 2275 studiis
249 2233 360 2276 eorum
390 2213 575 2294 inservisse,
603 2217 640 2275 ut
669 2232 764 2275 nemo
797 2233 870 2275 eum
900 2211 1011 2276 labore

104 2317 311 2401 corporisque
342 2317 461 2381 viribus
498 2321 608 2401 posset
640 2315 847 2399 aequiperare
885 2313 1011 2395 (omnes

104 2420 189 2483 enim
218 2419 337 2484 Boeoti
366 2421 468 2504 magis
497 2419 637 2482 firmitati
668 2419 810 2502 corporis
841 2439 935 2503 quam
962 2419 1010 2482 in·

102 2523 191 2607 genii
206 2523 343 2587 acumini
358 2521 567 2603 inserviunt);
591 2520 729 2586 eundem
745 2522 830 2606 apud
844 2521 1009 2586 Lacedae·
1031 2553 1044 2592 4

104 2626 238 2708 mouios,
256 2647 391 2711 quorum
404 2627 546 2690 moribus
560 2647 684 2690 summa
693 2626 794 2690 virtus
809 2626 842 2689 in
856 2627 1011 2710 patientia

103 2730 291 2813 ponebatur,
315 2730 360 2794 sic
383 2729 518 2794 duritiae
542 2750 576 2793 se
601 2729 737 2812 dedisse,
761 2735 796 2792 ut
818 2729 1010 2814 parsimonia

102 2833 203 2896 victus
236 2839 331 2916 atque
361 2834 464 2897 cultus
495 2854 606 2897 omnes
634 2832 909 2898 Lacedaemonios
940 2834 1008 2897 vin-

103 2940 206 3015 ceret;
238 2935 334 2999 fuisse
366 2935 452 3020 apud
474 2935 628 3018 Thracas,
657 2936 805 2999 homines
827 2936 1008 3000 vinolentos

102 3039 261 3124 rebusque
292 3040 430 3103 veneriis
462 3038 604 3103 deditos:
642 3039 703 3103 hos
734 3060 861 3124 quoque
894 3040 928 3103 in
960 3040 1008 3102 his

102 3143 198 3207 rebus
221 3141 445 3222 antecessisse3
469 3143 593 3206 venisse
618 3141 659 3205 ad
674 3143 800 3223 Persas,
822 3141 908 3226 apud
928 3161 1008 3227 quos
1030 3177 1043 3216 5

102 3265 226 3309 summa
239 3244 309 3307 laus
325 3249 409 3308 esset
423 3243 548 3308 fortiter
562 3245 683 3326 venari,
705 3244 869 3309 luxuriose
880 3246 1006 3310 rivere:

102 3349 216 3411 horum
246 3349 291 3411 sic
319 3347 476 3410 imitatum
499 3346 780 3429 consuetudinem,
810 3353 845 3411 ut
872 3349 918 3411 illi
947 3349 1008 3433 ipsi
