2400 3848
172 209 209 265 28
388 216 414 256 V.
434 217 533 256 OIMON.
545 219 564 256 4.
579 239 604 247 -
617 218 654 258 VI.
667 217 829 258 Lussnnnm
842 219 861 257 1.

138 391 150 429 1
236 369 294 433 IV.
338 370 434 436 Hunc
470 370 687 438 Athenienses
728 395 792 438 non
838 375 943 440 solum
979 376 1078 459 bello,

172 473 230 537 sed
260 475 356 537 etiam
387 494 466 557 pace
490 475 545 538 diu
573 475 847 542 desideraverunt.
893 479 969 542 Fuit
992 480 1077 542 enim

171 582 260 640 tanta
282 577 484 659 liberalitate,
509 599 581 641 cum
604 579 821 663 compluribus
844 579 923 643 locis
946 582 1079 663 praedia

171 678 346 762 hortosque
378 679 527 762 haberet,
563 686 599 744 ut
627 702 803 765 numquam
831 682 877 746 eis
910 682 1078 749 custodem

58 783 62 789 ’
170 782 314 866 posuerit
349 781 469 844 fructus
501 778 650 844 servandi
684 780 802 863 gratia,
840 800 881 844 ne
914 779 983 864 quis
1017 780 1078 842 im·

170 886 352 970 pediretur,
376 905 437 969 quo
462 884 567 946 minus
590 883 658 947 eius
679 883 784 965 rebus,
809 882 921 966 quibus
945 883 1078 967 quisque

135 990 283 1070 evellet,
313 989 481 1053 frueretur.
527 988 661 1073 Semper
690 1009 765 1052 eum
792 989 976 1074 pedissequi
1005 1010 1077 1053 oum

169 1094 306 1156 nummis
330 1098 402 1155 sunt
425 1093 543 1174 secuti,
572 1097 623 1172 ut,
653 1091 680 1153 si
708 1090 777 1174 quis
811 1091 880 1175 opis
904 1092 971 1157 eius
993 1091 1077 1155 indi·

170 1200 272 1279 geret,
295 1195 436 1277 haberet,
469 1193 556 1280 quod
579 1194 685 1257 statim
708 1193 808 1275 daret,
832 1215 873 1258 ne
897 1193 1076 1258 differendo

169 1298 332 1362 videretur
354 1318 485 1381 negare.
530 1295 643 1381 Saepe,
668 1317 740 1360 cum
762 1297 902 1382 aliquem
918 1298 1075 1362 offensum

169 1402 300 1465 fortuito
323 1401 450 1466 videret
473 1400 577 1463 minus
599 1398 682 1464 bene
698 1400 859 1483 vestitum,
883 1421 975 1464 suum
997 1401 1076 1463 ami-

134 1506 275 1578 aoulum
310 1503 409 1568 dedit.
456 1502 583 1568 Ootidie
615 1503 659 1566 sic
693 1522 773 1566 cena
805 1503 835 1567 ei
868 1502 1077 1587 coquebatur,

168 1615 219 1691 ut,
250 1629 328 1693 quos
358 1609 522 1672 invocatos
543 1606 676 1672 vidisset
704 1607 737 1669 in
765 1606 853 1688 foro,
883 1627 994 1670 omnes
1018 1605 1076 1670 de·

168 1716 313 1775 vocaret:
344 1709 432 1794 quod
460 1710 565 1774 facere
593 1709 680 1772 nullo
713 1708 764 1772 die
787 1708 1076 1793 praetermittebat.

167 1814 255 1877 Nulli
276 1814 357 1877 fides
380 1815 466 1896 eius,
488 1813 568 1877 nulli
592 1833 706 1896 opera,
737 1812 816 1874 nulli
837 1833 889 1876 res
912 1804 1076 1876 familiaris

169 1917 286 1982 defuit:
318 1919 435 1981 multos
457 1917 681 2000 locupletavit,
713 1916 893 1999 complures
916 1936 1076 2001 pauperes

167 2029 331 2104 mortuos,
356 2022 418 2107 qui,
440 2020 526 2084 unde
551 2020 750 2102 efferrentur,
773 2040 839 2083 non
860 2020 1076 2104 reliquissent,

129 2155 144 2196 4
167 2146 224 2189 suo
249 2130 377 2209 sumptu
400 2125 525 2188 extulit.
570 2123 622 2188 Sic
644 2145 678 2188 se
701 2122 844 2206 gerendo
869 2123 998 2187 minime
1023 2128 1074 2185 est

57 2264 59 2268 ·
166 2228 362 2310 mirandum,
391 2228 418 2291 si
446 2234 479 2290 et
506 2228 572 2290 vita
600 2228 667 2291 eius
696 2226 756 2289 fuit
785 2246 896 2289 secura
925 2231 958 2290 et
986 2246 1075 2289 mors

167 2333 291 2395 acerba.

588 2469 646 2533 Vl.

477 2601 751 2674 LYSANDER.

130 2774 141 2814 1
230 2745 256 2809 Ι.
290 2744 501 2829 Lysander
533 2745 887 2810 Lacedaemonius
920 2763 1070 2827 magnam

164 2848 292 2931 reliquit
319 2848 367 2911 sui
389 2848 506 2911 famam
528 2849 630 2931 magis
658 2847 810 2912 felicitate
835 2867 930 2931 quam
951 2848 1071 2912 virtute

164 2956 305 3033 partam:
340 2945 557 3010 Athenienses
593 2951 686 3009 sexto
726 2952 758 3010 et
794 2945 948 3010 vicesimo
982 2967 1068 3011 anno

129 3053 286 3117 ibellum
317 3054 466 3134 gerentes
503 3048 689 3112 confecisse.
734 3046 900 3131 Apparet,
937 3049 971 3112 id
1006 3070 1069 3134 qua

164 3154 288 3219 ratione
320 3157 510 3216 consecutus
542 3151 583 3214 sit
612 3155 645 3215 et
674 3155 758 3213 arte:
790 3171 856 3214 non
887 3152 972 3215 enim
1002 3153 1068 3216 vir-

164 3263 234 3322 tute
263 3257 313 3320 sui
343 3255 517 3336 exercitus,
549 3254 608 3318 sed
638 3252 843 3317 immodestia
870 3253 990 3318 factum
1018 3262 1069 3319 est

165 3360 434 3437 adversariorum,
459 3359 529 3441 qui,
555 3357 643 3439 quod
667 3356 751 3421 dicto
776 3358 942 3422 audientes
964 3359 1069 3441 impe·
