2400 3848
426 228 492 268 xxv.
512 228 640 269 arrroos.
660 230 692 269 rr.
706 230 737 269 rs.
981 233 1035 292 147

130 373 247 438 indicio
271 379 400 458 praeter
422 395 478 439 eos
500 375 614 459 libros,
640 377 674 440 in
697 377 810 462 quibus
834 378 874 442 de
898 399 937 443 eo
961 379 1037 443 facit

130 478 344 560 mentionem,
377 479 431 562 qui
459 479 493 542 in
520 480 635 563 vulgus
664 486 737 544 sunt
768 481 862 564 editi,
894 482 1036 546 sedecim

130 576 298 646 volumina
325 583 532 667 epistularum
563 583 603 647 ab
635 586 801 649 consulatu
838 586 906 650 eius
936 606 1037 670 usque

131 686 172 750 ad
189 690 370 750 extremum
384 692 511 770 tempus
534 688 576 751 ad
590 689 734 753 Atticum
749 690 931 753 missarum:
955 710 1036 773 quae

131 789 186 872 qui
204 789 301 872 legat,
323 809 390 852 non
405 789 540 852 multum
558 790 752 856 desiderabit
773 793 938 857 historiam
961 813 1036 856 con-

130 899 254 958 textam
284 914 396 958 eorum
424 899 616 979 temporum.
661 895 713 960 Sic
743 898 829 961 enim
860 898 966 961 omnia
996 897 1069 962 der

131 995 244 1061 studiis
263 997 452 1081 principum,
475 998 559 1061 vitiis
583 998 709 1082 ducum,
740 1000 968 1064 mutationibus
990 1001 1037 1065 rei

130 1101 277 1184 publicae
299 1101 588 1184 perscripta'sunt,
620 1107 656 1164 ut
677 1102 757 1165 nihil
778 1103 812 1166 in
833 1103 871 1166 iis
892 1124 958 1167 non
981 1124 1036 1186 ap·

130 1208 242 1285 pareat
279 1209 312 1267 et
348 1203 439 1267 facile
477 1204 654 1267 existimari
689 1205 791 1286 possit
832 1206 1037 1290 prudentiam

131 1305 271 1391 quodam
307 1305 405 1369 modo
444 1327 514 1370 esse
553 1306 792 1372 divinationem.
836 1308 911 1372 Non
952 1309 1038 1373 enim

132 1408 246 1474 Cicero
270 1431 309 1474 ea
331 1411 445 1493 solum,
469 1431 549 1492 quae
564 1410 638 1475 vivo
662 1431 696 1475 se
716 1409 909 1492 acciderunt,
932 1411 1038 1475 futura

130 1511 308 1596 praedixit,
340 1512 399 1577 sed
430 1514 543 1595 etiam,
577 1534 659 1598 quae
690 1535 774 1578 nunc
805 1534 865 1577 usu
896 1516 1037 1598 veniunt,

131 1617 246 1699 cecinit
265 1622 302 1679 ut
323 1622 422 1682 vates.

194 1718 304 1784 XVH.
332 1720 384 1784 De
415 1721 535 1803 pietate
566 1725 674 1784 autem
704 1720 805 1784 Attici
836 1720 913 1806 quid
945 1722 1070 1805 plurar

131 1824 405 1888 commemorem?
435 1843 508 1886 cum
535 1821 598 1885 hoc
620 1824 724 1905 ipsum
746 1844 822 1887 vere
846 1824 1038 1905 gloriantem

130 1925 288 1991 audierim
319 1926 352 1989 in
383 1926 495 1990 funere
527 1927 636 1989 matris
667 1947 760 2006 suae,
793 1947 887 2010 quam
921 1927 1038 1989 extulit

130 2051 287 2094 annorum
315 2030 507 2113 nonaginta,
536 2051 609 2093 oum
636 2029 705 2111 ipse
735 2034 820 2092 esset
848 2033 973 2113 septem
1005 2034 1038 2092 et

131 2135 314 2217 sexaginta,
344 2155 378 2198 se
407 2154 580 2214 numquam
608 2153 680 2196 cum
709 2137 810 2195 matre
839 2132 872 2194 in
901 2131 1038 2214 gratiam

129 2237 263 2319 redisse,
285 2259 460 2318 numquam
476 2258 548 2300 cum
564 2256 674 2299 sorore
690 2235 785 2298 fuisse
809 2235 842 2297 in
864 2234 1036 2315 simultate,

130 2362 227 2424 quam
241 2362 342 2424 prope
359 2341 525 2421 aequalem
541 2339 688 2404 habebat.
723 2338 818 2412 Quod
842 2343 890 2402 est
912 2337 1037 2421 signum
1058 2370 1070 2406 2

130 2450 186 2510 aut
206 2445 327 2508 nullam
349 2465 500 2525 umquam
515 2445 599 2508 inter
621 2463 677 2508 eos
692 2442 922 2528 querimoniam
937 2441 1035 2504 inter-

131 2548 263 2613 cessisse
294 2553 348 2610 aut
376 2546 460 2610 hunc
490 2568 529 2611 ea
550 2547 646 2611 fuisse
676 2547 708 2610 in
731 2568 805 2610 suos
827 2545 1035 2628 indulgentia,

129 2656 176 2733 ut,
199 2670 278 2735 quos
301 2670 408 2713 amare
433 2649 575 2731 deberet,
598 2649 691 2713 irasci
714 2650 760 2713 eis
781 2649 871 2713 nefas
894 2648 1034 2712 duceret.

129 2753 244 2836 Neque
266 2750 300 2815 id
321 2751 397 2816 fecit
418 2759 533 2816 natura
553 2753 674 2830 solum,
703 2773 894 2836 quamquam
925 2771 1035 2815 omnes
1056 2780 1069 2818 a

131 2859 161 2923 ei
182 2878 348 2938 paremus,
370 2855 429 2920 sed
452 2857 549 2920 etiam
572 2856 731 2920 doctrina:
763 2876 836 2918 nam
859 2854 1036 2937 principum

129 2960 396 3043 philosophorum
418 2961 463 3023 ita
483 2965 636 3045 percepta
657 2959 768 3022 habuit
789 2962 977 3041 praecepta,
1000 2960 1036 3018 ut

129 3065 169 3129 iis
207 3064 249 3128 ad
279 3064 377 3128 vitam
410 3063 586 3146 agendam,
618 3081 684 3125 non
715 3059 757 3124 ad
788 3058 1035 3123 ostentationem

130 3173 284 3232 uteretur.

194 3268 322 3348 XVHI.
345 3268 445 3332 Moris
459 3267 555 3331 etiam
569 3268 727 3331 maiorum
738 3285 880 3329 summus
895 3265 1036 3327 imitator
1057 3267 1068 3338 ί

130 3373 189 3436 fuit
211 3369 469 3454 antiquitatisque
493 3375 631 3434 amator:
655 3390 750 3454 quam
766 3368 848 3432 adeo
866 3367 1036 3452 diligenter

837 3472 853 3518 9
862 3467 880 3502 ὕ
