2400 3848
162 240 200 296 60
471 238 520 277 rur.
540 239 689 278 annanias.
712 244 730 279 a.
743 243 762 280 a.

161 390 276 469 postca
306 384 447 448 athletae
481 385 643 469 ceterique
675 386 812 452 artifices
841 391 905 453 suis
937 393 1079 456 statibus

162 487 196 550 in
231 489 344 551 statuis
378 487 537 573 ponendis
573 494 756 572 uterentur,
794 512 866 556 cum
904 495 1079 560 victoriam

164 598 272 656 essent
294 592 413 676 adepti.

109 719 141 761 Ι1
227 694 271 759 Π.
305 695 459 760 Chabrias
491 702 599 760 autern
630 698 730 760 multa
760 698 793 762 in
826 699 958 785 Europa
987 701 1078 767 bellu

164 797 415 881 administravit,
448 819 520 861 cum
547 799 614 863 dux
635 799 881 865 Atheniensium
911 811 1012 886 esset;
1041 806 1076 868 in

163 900 315 986 Aegypto
340 924 397 966 sua
419 909 534 988 sponte
556 904 674 987 gessit:
697 925 772 967 nam
792 905 993 971 Nectenebin
1015 908 1077 972 ad-

129 1029 143 1069 1
164 1004 266 1066 iutum
281 1005 443 1088 profectus
458 1026 594 1089 regnum
611 1007 640 1071 ci
656 1008 829 1071 constituit.
872 1008 965 1072 Fecit
984 1008 1076 1073 idem

166 1106 279 1191 Cypri,
311 1107 370 1172 sed
397 1108 524 1193 pubhce
555 1110 595 1172 ab
624 1108 876 1174 Atheniensibus
904 1111 1076 1194 Euagbrae

165 1209 292 1274 adiutor
322 1209 429 1294 datus,
459 1232 564 1296 neque
592 1213 680 1296 prius
710 1211 786 1277 inde
810 1211 955 1276 discessit
977 1234 1077 1298 quarn

165 1318 266 1376 totam
288 1313 425 1377 insulam
440 1315 526 1378 bello
543 1313 745 1396 devinceret3
768 1336 831 1399 qua
854 1337 896 1379 ex
917 1337 953 1381 re
968 1315 1076 1382 Athe-

129 1419 291 1482 snienses
323 1440 472 1502 magnam
504 1420 641 1502 gloriam
673 1425 746 1483 sunt
776 1416 894 1504 adepti.
939 1420 1075 1485 Interim

166 1522 286 1586 bellum
309 1523 391 1586 inter
414 1522 659 1607 Aegyptioset
681 1523 796 1587 Persas
820 1524 992 1587 conflatum
1015 1531 1077 1588 est.

165 1624 380 1690 Athenienses
404 1647 477 1689 cum
491 1626 675 1689 Artaxerxe
700 1625 887 1690 societatem
902 1625 1079 1707 habebant,

165 1727 416 1792 Lacedaemonii
454 1750 527 1792 cum
559 1728 746 1813 Aegyptiis:
786 1730 899 1814 quibus
942 1750 1080 1812 magnas

166 1831 301 1914 praedas
324 1832 509 1916 Agesilaus,
538 1855 598 1897 rex
621 1853 749 1914 eorum,
772 1832 918 1896 faciebat.
962 1831 1004 1895 Id
1025 1833 1077 1895 in-

167 1939 260 1997 tuens
277 1934 438 2016 Chabrias,
462 1957 535 1999 cum
557 1936 590 1999 in
611 1957 646 2000 re
661 1936 750 1999 nulla
763 1935 916 2019 Agesilao
934 1934 1077 2018 cederet,

167 2065 225 2109 sua
248 2053 362 2130 sponte
375 2045 558 2128 Aegyptiae
582 2046 674 2109 classi
697 2045 844 2138 praefuit,
869 2043 1077 2128 pedestribus

169 2149 268 2232 copiis
291 2147 473 2232 Agesilaus.

136 2275 148 2316 1
234 2255 296 2318 ΠΙ.
326 2254 408 2317 Tum
430 2253 584 2337 praefecti
613 2253 699 2334 regis
721 2251 840 2314 Persae
871 2251 996 2333 legatos
1018 2251 1081 2313 mi-

171 2364 280 2422 serunt
294 2357 439 2421 Athenas
456 2362 612 2440 questum,
637 2353 724 2438 quod
741 2353 893 2417 Chabrias
909 2352 1082 2416 adversum

170 2483 282 2545 regem
303 2461 424 2524 bellum
443 2464 572 2542 gereret
595 2479 667 2521 cum
682 2456 862 2540 Aegyptiis.
899 2453 1082 2517 Athenien-

170 2587 222 2628 ses
253 2564 338 2628 diem
361 2568 482 2626 certam
507 2562 664 2625 Chabriae
686 2561 952 2645 praestituerunt,
983 2578 1083 2641 quam

171 2675 245 2733 ante
270 2668 402 2731 domum
424 2668 485 2729 nisi
506 2665 659 2747 redisset,
684 2665 796 2747 capitis
818 2685 853 2728 sc
876 2663 966 2726 illum
990 2659 1082 2723 dam-

171 2777 301 2835 naturos
334 2769 569 2834 denuntiarunt.
614 2768 689 2831 Hoc
718 2768 772 2831 illc
800 2767 911 2830 nuntio
935 2764 1084 2828 Athenas

172 2876 268 2940 rediit
296 2895 401 2957 neque
430 2873 475 2936 ibi
505 2872 621 2935 diutius
651 2877 699 2936 est
730 2878 871 2934 moratus
896 2890 991 2954 quarn
1021 2868 1084 2931 fuit

139 3000 315 3056 successe.
359 2977 434 3041 Ncn
466 2977 551 3041 enim
585 2975 722 3039 libenter
757 2979 825 3038 erat
861 2978 934 3035 ante
971 2971 1084 3035 oculos

173 3105 305 3148 suorum
327 3082 460 3163 civium,
489 3078 576 3164 quod
607 3085 640 3143 et
662 3079 789 3144 vivebat
811 3078 897 3140 laute
922 3081 955 3140 et
975 3073 1083 3138 indul-

173 3188 270 3272 gebat
308 3186 367 3249 sibi
404 3184 567 3248 liberalius
603 3203 699 3266 quam
735 3188 771 3244 ut
807 3180 961 3244 invidiam
992 3177 1084 3261 vulgi

140 3327 152 3366 3
174 3297 284 3378 posset
308 3291 462 3373 effugere.
507 3287 566 3350 Est
589 3287 674 3348 enim
696 3285 758 3348 hcc
777 3302 945 3347 commune
969 3279 1085 3343 vitium

175 3396 299 3479 magnis
320 3394 493 3478 liberisque
517 3391 712 3472 civitatibus,
744 3395 780 3451 ut
810 3386 930 3451 invidia
958 3383 1084 3469 gloriae
