2400 3848
410 243 670 285 rarissimae
954 245 991 304 23
1114 260 1116 264 ·

93 394 213 477 solum,
245 394 303 458 sed
334 395 431 459 etiam
459 396 578 459 cultum
606 394 819 480 vestitumque
847 393 992 457 mutavit.

50 502 54 508 '
92 494 258 580 Apparatu
280 496 370 580 regio
390 496 548 579 utebatur,
571 502 661 561 veste
676 496 818 577 Medica3
841 496 994 561 satellites
1015 524 1027 562 2
1123 557 1130 563 ,

94 599 183 664 Medi
205 598 238 664 et
259 599 413 685 Aegyptii
434 600 663 685 sequebantur:
694 599 881 684 epulabatur
903 619 993 663 more

93 704 263 769 Persarum
284 704 476 768 luxuriosius
499 726 603 788 quam,
629 704 683 789 qui
705 703 846 786 aderant,
868 703 994 788 perpeti

93 812 239 891 possent:
274 805 394 870 aditum
416 807 598 891 petentibus
627 829 692 871 non
716 807 828 890 dabat,
858 806 1028 891 superbos

93 909 323 994 respondebat,
353 910 524 975 crudeliter
545 912 732 996 imperabat.
775 912 921 997 Spartam
942 932 993 976 re-

95 1014 161 1078 dire
183 1013 324 1077 nolebat.
355 1013 503 1095 Celonas,
526 1014 579 1098 qui
600 1015 690 1078 locus
710 1016 744 1079 in
766 1035 844 1097 agro
866 1014 993 1080 Troade

95 1123 159 1201 est,
188 1139 222 1182 sa
245 1118 439 1182 contulerat:
468 1118 513 1182 ibi
536 1119 668 1183 consilia
689 1141 760 1183 cum
783 1119 903 1204 patriae
927 1124 994 1182 tum

95 1220 154 1284 sibi
175 1221 303 1285 inimica
317 1221 472 1305 capiebat.
509 1220 550 1285 Id
564 1226 734 1306 postquam
746 1222 994 1286 Lacedaemonii
1015 1246 1027 1282 s

93 1326 283 1407 rescierunt,
313 1325 439 1408 legatos
462 1345 534 1388 cum
556 1325 645 1388 clava
672 1324 811 1389 adeum
831 1325 994 1408 miserunt,

94 1429 128 1493 in
149 1448 212 1514 qua
232 1448 323 1494 more
346 1429 475 1492 illorum
497 1432 566 1492 erat
588 1429 756 1512 scriptum:
781 1427 841 1491 nisi
864 1427 993 1492 domum

94 1538 324 1615 reverteretur,
356 1553 391 1597 se
420 1532 531 1617 capitis
559 1552 634 1595 eum
663 1529 877 1595 damnaturos.
921 1530 1028 1594 Hocs

94 1636 204 1700 nuntio
228 1641 418 1718 commotus,
441 1655 571 1720 sperans
594 1654 628 1698 se
652 1634 749 1698 etiam
771 1639 838 1697 tum
859 1633 995 1718 pecunia

95 1744 128 1804 et
162 1741 307 1825 potentia
338 1741 457 1805 instans
489 1739 667 1825 periculum
699 1759 793 1823 posse
831 1737 994 1821 depellere

96 1843 226 1906 domum
256 1843 361 1908 rediit.
405 1843 479 1908 Huc
515 1850 551 1907 ut
586 1844 689 1924 venit,
727 1842 768 1906 ab
805 1841 931 1926 ephbris
962 1842 995 1904 in

94 1947 199 2010 vincla
228 1946 355 2031 publica
382 1952 432 2011 est
459 1947 637 2011 coniectus:
664 1946 741 2009 licet
763 1944 848 2008 enim
870 1943 994 2028 legibus

96 2070 208 2114 eorum
231 2050 328 2114 cuivis
351 2049 472 2134 ephoro
500 2051 564 2113 hoc
585 2050 690 2113 facere
712 2050 791 2131 regi.
835 2047 921 2112 Hinc
948 2054 995 2110 ta-

96 2173 170 2217 men
199 2173 232 2217 se
256 2153 437 2237 expedivit3
467 2174 571 2238 neque
603 2173 642 2217 ao
671 2154 773 2237 magis
796 2153 923 2218 carebat
944 2175 995 2217 su-

45 2324 51 2336 ,
96 2257 255 2341 spicione:
286 2277 360 2321 nam
392 2256 498 2342 opinio
531 2256 681 2321 manebat
712 2278 784 2321 eum
816 2278 888 2321 cum
917 2277 995 2341 rege

94 2360 213 2425 habere
242 2360 439 2425 societatem.
483 2359 543 2425 Est
570 2378 671 2443 genus
699 2359 861 2444 quoddam
891 2360 1029 2424 homi-s

94 2487 180 2548 num,
203 2463 291 2550 quod
299 2463 428 2528 Hilotae
442 2469 587 2547 vocatrn,
608 2484 744 2549 quorum
758 2485 874 2549 magna
888 2466 994 2529 multi-

95 2568 172 2632 tudo
195 2589 290 2653 agros
311 2567 643 2632 Lacedaemoniorum
671 2568 747 2632 colit
767 2589 994 2654 servorumque

95 2695 226 2738 munere
241 2672 398 2757 fungitur:
420 2673 480 2736 hos
496 2693 621 2757 quoque
637 2672 807 2737 sollicitare
824 2693 879 2756 spe
900 2672 994 2737 liber·

95 2777 168 2840 tatis
191 2776 439 2841 existimabatur.
477 2775 542 2840 Sed
564 2775 651 2861 quod
665 2776 778 2840 barum
794 2797 902 2840 rerum
924 2777 994 2839 nul·
1016 2799 1029 2838 r

37 2869 41 2878 ’
95 2880 162 2943 lum
184 2885 252 2943 erat
274 2886 420 2964 apertum
442 2881 572 2963 crimen,
595 2901 657 2966 quo
681 2880 772 2964 argui
789 2886 907 2965 posset,
929 2899 995 2944 non

79 2981 250 3094 putabant
272 2982 312 3046 de
335 2984 391 3046 tali
413 2990 541 3069 tamque
565 2984 649 3047 claro
672 2985 741 3048 viro
765 2983 994 3067 suspicionibus

97 3092 245 3173 oportere
267 3086 424 3150 iudicari:
476 3086 743 3170 exspectandum,
773 3085 849 3150 dum
870 3107 904 3150 se
926 3087 995 3171 ipsa

94 3212 146 3256 res
169 3190 316 3275 aperiret.

159 3295 216 3358 IV.
246 3295 380 3358 Interim
402 3293 542 3378 Argilius
571 3294 699 3378 quidam
727 3291 992 3375 adulescentulus,
1014 3315 1024 3352 1

96 3418 168 3460 cum
197 3398 365 3468 epistulam
392 3398 431 3461 ab
461 3418 499 3461 eo
531 3397 572 3461 ad
597 3397 791 3461 Artabazum
819 3397 992 3481 accepisset
