<?xml version="1.0" encoding="UTF-8"?>
<!DOCTYPE html PUBLIC "-//W3C//DTD XHTML 1.0 Transitional//EN"
    "http://www.w3.org/TR/xhtml1/DTD/xhtml1-transitional.dtd">
<html xmlns="http://www.w3.org/1999/xhtml" xml:lang="en" lang="en">
 <head>
  <title>
</title>
<meta http-equiv="Content-Type" content="text/html;charset=utf-8" />
  <meta name='ocr-system' content='tesseract 3.04.00' />
  <meta name='ocr-capabilities' content='ocr_page ocr_carea ocr_par ocr_line ocrx_word'/>
</head>
<body>
  <div class='ocr_page' id='page_1' title='image "./corneliinepotis15nepogoog_0082.png"; bbox 0 0 2400 3848; ppageno 0'>
   <div class='ocr_carea' id='block_1_1' title="bbox 451 240 1034 300">
    <p class='ocr_par' dir='ltr' id='par_1_1' title="bbox 451 240 1034 300">
     <span class='ocr_line' id='line_1_1' title="bbox 451 240 1034 300; baseline -0.005 -18"><span class='ocrx_word' id='word_1_1' title='bbox 451 243 509 282; x_wconf 80' lang='lat' dir='ltr'>mv.</span> <span class='ocrx_word' id='word_1_2' title='bbox 531 240 674 282; x_wconf 66' lang='lat' dir='ltr'>nonme.</span> <span class='ocrx_word' id='word_1_3' title='bbox 692 241 711 280; x_wconf 89' lang='lat' dir='ltr'>o.</span> <span class='ocrx_word' id='word_1_4' title='bbox 901 246 903 250; x_wconf 50' lang='lat'><strong><em>⁴</em></strong></span> <span class='ocrx_word' id='word_1_5' title='bbox 998 244 1034 300; x_wconf 71' lang='lat'>59</span> 
     </span>
    </p>
   </div>
   <div class='ocr_carea' id='block_1_2' title="bbox 82 369 1149 3441">
    <p class='ocr_par' dir='ltr' id='par_1_2' title="bbox 129 369 1070 660">
     <span class='ocr_line' id='line_1_2' title="bbox 129 369 1034 456; baseline -0.003 -21"><span class='ocrx_word' id='word_1_6' title='bbox 129 371 272 453; x_wconf 82' lang='lat' dir='ltr'>veniret,</span> <span class='ocrx_word' id='word_1_7' title='bbox 296 392 359 456; x_wconf 91' lang='lat' dir='ltr'>quo</span> <span class='ocrx_word' id='word_1_8' title='bbox 384 376 453 435; x_wconf 89' lang='lat' dir='ltr'>erat</span> <span class='ocrx_word' id='word_1_9' title='bbox 473 370 653 455; x_wconf 86' lang='lat' dir='ltr'>profectus,</span> <span class='ocrx_word' id='word_1_10' title='bbox 683 370 717 433; x_wconf 93' lang='lat' dir='ltr'>in</span> <span class='ocrx_word' id='word_1_11' title='bbox 739 369 852 434; x_wconf 88' lang='lat' dir='ltr'>itinere</span> <span class='ocrx_word' id='word_1_12' title='bbox 876 370 1034 453; x_wconf 88' lang='lat' dir='ltr'>convenit,</span> 
     </span>
     <span class='ocr_line' id='line_1_3' title="bbox 131 471 1070 558; baseline -0.002 -20"><span class='ocrx_word' id='word_1_13' title='bbox 131 475 187 558; x_wconf 93' lang='lat' dir='ltr'>qui</span> <span class='ocrx_word' id='word_1_14' title='bbox 198 472 313 557; x_wconf 86' lang='lat' dir='ltr'>Aspim</span> <span class='ocrx_word' id='word_1_15' title='bbox 328 473 496 538; x_wconf 80' lang='lat' dir='ltr'>ducebant.</span> <span class='ocrx_word' id='word_1_16' title='bbox 528 471 599 546; x_wconf 83' lang='lat' dir='ltr'>Qua</span> <span class='ocrx_word' id='word_1_17' title='bbox 617 472 872 538; x_wconf 73' lang='lat' dir='ltr'>celeritate-cum</span> <span class='ocrx_word' id='word_1_18' title='bbox 886 493 1035 556; x_wconf 92' lang='lat' dir='ltr'>magnam</span> <span class='ocrx_word' id='word_1_19' title='bbox 1056 493 1070 536; x_wconf 83' lang='lat' dir='ltr'>a</span> 
     </span>
     <span class='ocr_line' id='line_1_4' title="bbox 131 576 1034 660; baseline -0.001 -19"><span class='ocrx_word' id='word_1_20' title='bbox 131 577 382 642; x_wconf 84' lang='lat' dir='ltr'>benivolentiam</span> <span class='ocrx_word' id='word_1_21' title='bbox 412 577 501 660; x_wconf 90' lang='lat' dir='ltr'>regis.</span> <span class='ocrx_word' id='word_1_22' title='bbox 526 576 680 641; x_wconf 82' lang='lat' dir='ltr'>Datames</span> <span class='ocrx_word' id='word_1_23' title='bbox 712 582 902 641; x_wconf 89' lang='lat' dir='ltr'>consecutus</span> <span class='ocrx_word' id='word_1_24' title='bbox 940 583 1034 660; x_wconf 91' lang='lat' dir='ltr'>esset,</span> 
     </span>
    </p>

    <p class='ocr_par' dir='ltr' id='par_1_3' title="bbox 82 679 1149 3010">
     <span class='ocr_line' id='line_1_5' title="bbox 82 679 1036 764; baseline 0 -20"><span class='ocrx_word' id='word_1_25' title='bbox 82 748 85 751; x_wconf 71' lang='grc'><strong>,</strong></span> <span class='ocrx_word' id='word_1_26' title='bbox 131 700 197 745; x_wconf 91' lang='lat' dir='ltr'>non</span> <span class='ocrx_word' id='word_1_27' title='bbox 218 681 375 746; x_wconf 87' lang='lat' dir='ltr'><strong>minorem</strong></span> <span class='ocrx_word' id='word_1_28' title='bbox 397 680 551 746; x_wconf 83' lang='lat' dir='ltr'>invidiam</span> <span class='ocrx_word' id='word_1_29' title='bbox 574 681 750 745; x_wconf 87' lang='lat' dir='ltr'>aulicorum</span> <span class='ocrx_word' id='word_1_30' title='bbox 773 681 917 764; x_wconf 81' lang='lat' dir='ltr'>excepit,</span> <span class='ocrx_word' id='word_1_31' title='bbox 949 679 1036 764; x_wconf 93' lang='lat' dir='ltr'>quod</span> 
     </span>
     <span class='ocr_line' id='line_1_6' title="bbox 131 783 1035 868; baseline 0.001 -22"><span class='ocrx_word' id='word_1_32' title='bbox 131 784 222 847; x_wconf 91' lang='lat' dir='ltr'>illum</span> <span class='ocrx_word' id='word_1_33' title='bbox 243 805 341 847; x_wconf 93' lang='lat' dir='ltr'>unum</span> <span class='ocrx_word' id='word_1_34' title='bbox 363 783 463 868; x_wconf 90' lang='lat' dir='ltr'>pluris</span> <span class='ocrx_word' id='word_1_35' title='bbox 485 805 585 868; x_wconf 90' lang='lat' dir='ltr'>quam·</span> <span class='ocrx_word' id='word_1_36' title='bbox 603 805 637 849; x_wconf 93' lang='lat' dir='ltr'>se</span> <span class='ocrx_word' id='word_1_37' title='bbox 662 805 772 848; x_wconf 91' lang='lat' dir='ltr'>omnes</span> <span class='ocrx_word' id='word_1_38' title='bbox 789 784 860 848; x_wconf 88' lang='lat' dir='ltr'>ficri</span> <span class='ocrx_word' id='word_1_39' title='bbox 873 783 1035 848; x_wconf 79' lang='lat' dir='ltr'>videbant.</span> 
     </span>
     <span class='ocr_line' id='line_1_7' title="bbox 133 887 1035 973; baseline -0.001 -22"><span class='ocrx_word' id='word_1_40' title='bbox 133 887 203 962; x_wconf 81' lang='lat' dir='ltr'>Quo</span> <span class='ocrx_word' id='word_1_41' title='bbox 232 887 315 952; x_wconf 89' lang='lat' dir='ltr'>facto</span> <span class='ocrx_word' id='word_1_42' title='bbox 343 889 448 952; x_wconf 89' lang='lat' dir='ltr'>cuncti</span> <span class='ocrx_word' id='word_1_43' title='bbox 471 888 512 952; x_wconf 92' lang='lat' dir='ltr'>ad</span> <span class='ocrx_word' id='word_1_44' title='bbox 535 910 610 952; x_wconf 92' lang='lat' dir='ltr'>eum</span> <span class='ocrx_word' id='word_1_45' title='bbox 632 887 879 973; x_wconf 88' lang='lat' dir='ltr'>opprimendum</span> <span class='ocrx_word' id='word_1_46' title='bbox 901 908 1035 952; x_wconf 89' lang='lat' dir='ltr'>conson-</span> 
     </span>
     <span class='ocr_line' id='line_1_8' title="bbox 131 990 1072 1074; baseline 0.004 -20"><span class='ocrx_word' id='word_1_47' title='bbox 131 995 250 1055; x_wconf 92' lang='lat' dir='ltr'>serunt.</span> <span class='ocrx_word' id='word_1_48' title='bbox 293 990 386 1055; x_wconf 92' lang='lat' dir='ltr'>Haec</span> <span class='ocrx_word' id='word_1_49' title='bbox 416 991 616 1074; x_wconf 78' lang='lat' dir='ltr'>Pandantes,</span> <span class='ocrx_word' id='word_1_50' title='bbox 646 1012 745 1074; x_wconf 88' lang='lat' dir='ltr'>gazae</span> <span class='ocrx_word' id='word_1_51' title='bbox 777 997 885 1055; x_wconf 90' lang='lat' dir='ltr'>custos</span> <span class='ocrx_word' id='word_1_52' title='bbox 915 990 1072 1074; x_wconf 84' lang='lat' dir='ltr'>rogiae,a</span> 
     </span>
     <span class='ocr_line' id='line_1_9' title="bbox 130 1094 1035 1179; baseline -0.001 -21"><span class='ocrx_word' id='word_1_53' title='bbox 130 1095 249 1159; x_wconf 89' lang='lat' dir='ltr'>amicus</span> <span class='ocrx_word' id='word_1_54' title='bbox 277 1094 423 1176; x_wconf 90' lang='lat' dir='ltr'>Datami,</span> <span class='ocrx_word' id='word_1_55' title='bbox 451 1095 628 1179; x_wconf 89' lang='lat' dir='ltr'>perscripta</span> <span class='ocrx_word' id='word_1_56' title='bbox 657 1095 688 1159; x_wconf 92' lang='lat' dir='ltr'>ei</span> <span class='ocrx_word' id='word_1_57' title='bbox 718 1095 830 1176; x_wconf 89' lang='lat' dir='ltr'>mittit,</span> <span class='ocrx_word' id='word_1_58' title='bbox 860 1094 893 1158; x_wconf 93' lang='lat' dir='ltr'>in</span> <span class='ocrx_word' id='word_1_59' title='bbox 923 1094 1035 1179; x_wconf 91' lang='lat' dir='ltr'>quibus</span> 
     </span>
     <span class='ocr_line' id='line_1_10' title="bbox 132 1197 1034 1283; baseline 0.001 -22"><span class='ocrx_word' id='word_1_60' title='bbox 132 1197 227 1262; x_wconf 94' lang='lat' dir='ltr'>docet</span> <span class='ocrx_word' id='word_1_61' title='bbox 256 1217 331 1260; x_wconf 90' lang='lat' dir='ltr'>eum</span> <span class='ocrx_word' id='word_1_62' title='bbox 358 1197 391 1261; x_wconf 92' lang='lat' dir='ltr'>in</span> <span class='ocrx_word' id='word_1_63' title='bbox 413 1218 529 1282; x_wconf 90' lang='lat' dir='ltr'>magno</span> <span class='ocrx_word' id='word_1_64' title='bbox 553 1198 622 1262; x_wconf 87' lang='lat' dir='ltr'>fore</span> <span class='ocrx_word' id='word_1_65' title='bbox 643 1199 803 1282; x_wconf 89' lang='lat' dir='ltr'>periculo,</span> <span class='ocrx_word' id='word_1_66' title='bbox 832 1199 858 1263; x_wconf 93' lang='lat' dir='ltr'>si</span> <span class='ocrx_word' id='word_1_67' title='bbox 881 1197 958 1283; x_wconf 91' lang='lat' dir='ltr'>quid</span> <span class='ocrx_word' id='word_1_68' title='bbox 979 1198 1034 1262; x_wconf 92' lang='lat' dir='ltr'>illo</span> 
     </span>
     <span class='ocr_line' id='line_1_11' title="bbox 130 1289 1149 1385; baseline 0.002 -23"><span class='ocrx_word' id='word_1_69' title='bbox 130 1300 308 1384; x_wconf 77' lang='lat' dir='ltr'>imperante</span> <span class='ocrx_word' id='word_1_70' title='bbox 331 1299 458 1363; x_wconf 82' lang='lat' dir='ltr'>adversi</span> <span class='ocrx_word' id='word_1_71' title='bbox 480 1300 514 1363; x_wconf 90' lang='lat' dir='ltr'>in</span> <span class='ocrx_word' id='word_1_72' title='bbox 535 1298 687 1385; x_wconf 86' lang='lat' dir='ltr'>Aegypto</span> <span class='ocrx_word' id='word_1_73' title='bbox 715 1292 1072 1381; x_wconf 52' lang='lat' dir='ltr'>accidissetleamw</span> <span class='ocrx_word' id='word_1_74' title='bbox 1146 1289 1149 1293; x_wconf 51' lang='grc'>’</span> 
     </span>
     <span class='ocr_line' id='line_1_12' title="bbox 131 1403 1036 1487; baseline 0.001 -22"><span class='ocrx_word' id='word_1_75' title='bbox 131 1423 193 1487; x_wconf 89' lang='lat' dir='ltr'>que</span> <span class='ocrx_word' id='word_1_76' title='bbox 224 1423 296 1468; x_wconf 90' lang='lat' dir='ltr'>eam</span> <span class='ocrx_word' id='word_1_77' title='bbox 325 1423 395 1467; x_wconf 92' lang='lat' dir='ltr'>esse</span> <span class='ocrx_word' id='word_1_78' title='bbox 425 1403 690 1468; x_wconf 81' lang='lat' dir='ltr'>consuetudinem</span> <span class='ocrx_word' id='word_1_79' title='bbox 717 1403 858 1487; x_wconf 92' lang='lat' dir='ltr'>regiam,</span> <span class='ocrx_word' id='word_1_80' title='bbox 887 1408 924 1466; x_wconf 96' lang='lat' dir='ltr'>ut</span> <span class='ocrx_word' id='word_1_81' title='bbox 947 1423 1036 1467; x_wconf 88' lang='lat' dir='ltr'>casus</span> 
     </span>
     <span class='ocr_line' id='line_1_13' title="bbox 131 1504 1036 1588; baseline 0 -19"><span class='ocrx_word' id='word_1_82' title='bbox 131 1505 285 1570; x_wconf 89' lang='lat' dir='ltr'>adversos</span> <span class='ocrx_word' id='word_1_83' title='bbox 314 1504 496 1570; x_wconf 93' lang='lat' dir='ltr'>hominibus</span> <span class='ocrx_word' id='word_1_84' title='bbox 524 1506 680 1588; x_wconf 85' lang='lat' dir='ltr'>tribuant,</span> <span class='ocrx_word' id='word_1_85' title='bbox 710 1505 869 1571; x_wconf 89' lang='lat' dir='ltr'>secundos</span> <span class='ocrx_word' id='word_1_86' title='bbox 891 1506 1036 1570; x_wconf 85' lang='lat' dir='ltr'>fortunae</span> 
     </span>
     <span class='ocr_line' id='line_1_14' title="bbox 131 1608 1036 1694; baseline -0.002 -21"><span class='ocrx_word' id='word_1_87' title='bbox 131 1630 225 1674; x_wconf 88' lang='lat' dir='ltr'>suae:</span> <span class='ocrx_word' id='word_1_88' title='bbox 256 1629 319 1694; x_wconf 91' lang='lat' dir='ltr'>quo</span> <span class='ocrx_word' id='word_1_89' title='bbox 343 1608 428 1691; x_wconf 87' lang='lat' dir='ltr'>fieri,</span> <span class='ocrx_word' id='word_1_90' title='bbox 454 1613 490 1672; x_wconf 91' lang='lat' dir='ltr'>ut</span> <span class='ocrx_word' id='word_1_91' title='bbox 517 1608 610 1673; x_wconf 88' lang='lat' dir='ltr'>facile</span> <span class='ocrx_word' id='word_1_92' title='bbox 632 1609 837 1694; x_wconf 89' lang='lat' dir='ltr'>impellantur</span> <span class='ocrx_word' id='word_1_93' title='bbox 859 1608 901 1672; x_wconf 90' lang='lat' dir='ltr'>ad</span> <span class='ocrx_word' id='word_1_94' title='bbox 924 1629 1036 1674; x_wconf 91' lang='lat' dir='ltr'>eorum</span> 
     </span>
     <span class='ocr_line' id='line_1_15' title="bbox 130 1712 1034 1797; baseline -0.002 -21"><span class='ocrx_word' id='word_1_95' title='bbox 130 1712 322 1797; x_wconf 89' lang='lat' dir='ltr'>perniciem,</span> <span class='ocrx_word' id='word_1_96' title='bbox 352 1733 488 1796; x_wconf 90' lang='lat' dir='ltr'>quorum</span> <span class='ocrx_word' id='word_1_97' title='bbox 518 1712 616 1777; x_wconf 89' lang='lat' dir='ltr'>ductu</span> <span class='ocrx_word' id='word_1_98' title='bbox 638 1733 690 1776; x_wconf 91' lang='lat' dir='ltr'>res</span> <span class='ocrx_word' id='word_1_99' title='bbox 712 1713 795 1777; x_wconf 92' lang='lat' dir='ltr'>male</span> <span class='ocrx_word' id='word_1_100' title='bbox 818 1717 931 1797; x_wconf 84' lang='lat' dir='ltr'>gestae</span> <span class='ocrx_word' id='word_1_101' title='bbox 953 1733 1034 1775; x_wconf 94' lang='lat' dir='ltr'>nun-</span> 
     </span>
     <span class='ocr_line' id='line_1_16' title="bbox 131 1813 1034 1897; baseline 0.002 -20"><span class='ocrx_word' id='word_1_102' title='bbox 131 1815 260 1878; x_wconf 88' lang='lat' dir='ltr'>tientur.</span> <span class='ocrx_word' id='word_1_103' title='bbox 305 1813 401 1877; x_wconf 92' lang='lat' dir='ltr'>Illum</span> <span class='ocrx_word' id='word_1_104' title='bbox 432 1814 495 1878; x_wconf 88' lang='lat' dir='ltr'>hoo</span> <span class='ocrx_word' id='word_1_105' title='bbox 525 1815 647 1879; x_wconf 87' lang='lat' dir='ltr'>maiore</span> <span class='ocrx_word' id='word_1_106' title='bbox 679 1814 748 1879; x_wconf 88' lang='lat' dir='ltr'>fore</span> <span class='ocrx_word' id='word_1_107' title='bbox 780 1816 813 1879; x_wconf 93' lang='lat' dir='ltr'>in</span> <span class='ocrx_word' id='word_1_108' title='bbox 842 1814 1034 1897; x_wconf 88' lang='lat' dir='ltr'>discrimine,</span> 
     </span>
     <span class='ocr_line' id='line_1_17' title="bbox 131 1915 1035 2001; baseline 0.002 -22"><span class='ocrx_word' id='word_1_109' title='bbox 131 1915 235 2000; x_wconf 91' lang='lat' dir='ltr'>quod,</span> <span class='ocrx_word' id='word_1_110' title='bbox 259 1916 372 2001; x_wconf 92' lang='lat' dir='ltr'>quibus</span> <span class='ocrx_word' id='word_1_111' title='bbox 392 1937 451 1980; x_wconf 87' lang='lat' dir='ltr'>rex</span> <span class='ocrx_word' id='word_1_112' title='bbox 473 1917 614 1982; x_wconf 85' lang='lat' dir='ltr'>maxime</span> <span class='ocrx_word' id='word_1_113' title='bbox 638 1916 805 1999; x_wconf 87' lang='lat' dir='ltr'>oboediat,</span> <span class='ocrx_word' id='word_1_114' title='bbox 840 1937 896 1981; x_wconf 92' lang='lat' dir='ltr'>eos</span> <span class='ocrx_word' id='word_1_115' title='bbox 917 1916 1035 1981; x_wconf 89' lang='lat' dir='ltr'>habeat</span> 
     </span>
     <span class='ocr_line' id='line_1_18' title="bbox 131 2019 1071 2102; baseline 0.005 -20"><span class='ocrx_word' id='word_1_116' title='bbox 131 2019 374 2083; x_wconf 91' lang='lat' dir='ltr'>inimicissimos.</span> <span class='ocrx_word' id='word_1_117' title='bbox 418 2020 547 2083; x_wconf 86' lang='lat' dir='ltr'>Talibus</span> <span class='ocrx_word' id='word_1_118' title='bbox 569 2020 624 2084; x_wconf 94' lang='lat' dir='ltr'>ille</span> <span class='ocrx_word' id='word_1_119' title='bbox 646 2019 760 2083; x_wconf 88' lang='lat' dir='ltr'>litteris</span> <span class='ocrx_word' id='word_1_120' title='bbox 784 2019 938 2102; x_wconf 89' lang='lat' dir='ltr'>cognitis,</span> <span class='ocrx_word' id='word_1_121' title='bbox 961 2040 1034 2082; x_wconf 92' lang='lat' dir='ltr'>cum</span> <span class='ocrx_word' id='word_1_122' title='bbox 1057 2050 1071 2088; x_wconf 77' lang='lat' dir='ltr'>s</span> 
     </span>
     <span class='ocr_line' id='line_1_19' title="bbox 130 2119 1034 2205; baseline -0.001 -20"><span class='ocrx_word' id='word_1_123' title='bbox 130 2123 195 2186; x_wconf 91' lang='lat' dir='ltr'>iam</span> <span class='ocrx_word' id='word_1_124' title='bbox 217 2119 259 2186; x_wconf 89' lang='lat' dir='ltr'>ad</span> <span class='ocrx_word' id='word_1_125' title='bbox 282 2121 459 2186; x_wconf 87' lang='lat' dir='ltr'>exercitum</span> <span class='ocrx_word' id='word_1_126' title='bbox 473 2120 566 2185; x_wconf 88' lang='lat' dir='ltr'>Acen</span> <span class='ocrx_word' id='word_1_127' title='bbox 588 2121 737 2203; x_wconf 88' lang='lat' dir='ltr'>venisset,</span> <span class='ocrx_word' id='word_1_128' title='bbox 761 2120 848 2205; x_wconf 91' lang='lat' dir='ltr'>quod</span> <span class='ocrx_word' id='word_1_129' title='bbox 862 2141 928 2184; x_wconf 89' lang='lat' dir='ltr'>non</span> <span class='ocrx_word' id='word_1_130' title='bbox 942 2121 1034 2203; x_wconf 90' lang='lat' dir='ltr'>igno-</span> 
     </span>
     <span class='ocr_line' id='line_1_20' title="bbox 130 2225 1034 2310; baseline -0.001 -20"><span class='ocrx_word' id='word_1_131' title='bbox 130 2226 222 2290; x_wconf 91' lang='lat' dir='ltr'>rabat</span> <span class='ocrx_word' id='word_1_132' title='bbox 243 2244 283 2290; x_wconf 91' lang='lat' dir='ltr'>ea</span> <span class='ocrx_word' id='word_1_133' title='bbox 304 2245 381 2294; x_wconf 82' lang='lat' dir='ltr'>vere</span> <span class='ocrx_word' id='word_1_134' title='bbox 396 2225 522 2310; x_wconf 86' lang='lat' dir='ltr'>scripta,</span> <span class='ocrx_word' id='word_1_135' title='bbox 546 2225 723 2290; x_wconf 87' lang='lat' dir='ltr'>desciscere</span> <span class='ocrx_word' id='word_1_136' title='bbox 739 2246 848 2310; x_wconf 86' lang='lat' dir='ltr'>aroge</span> <span class='ocrx_word' id='word_1_137' title='bbox 863 2225 1034 2289; x_wconf 87' lang='lat' dir='ltr'>constituit.</span> 
     </span>
     <span class='ocr_line' id='line_1_21' title="bbox 130 2327 1035 2414; baseline -0.004 -20"><span class='ocrx_word' id='word_1_138' title='bbox 130 2329 244 2414; x_wconf 88' lang='lat' dir='ltr'>Neque</span> <span class='ocrx_word' id='word_1_139' title='bbox 267 2334 376 2392; x_wconf 91' lang='lat' dir='ltr'>tamen</span> <span class='ocrx_word' id='word_1_140' title='bbox 399 2328 567 2412; x_wconf 89' lang='lat' dir='ltr'>quicquam</span> <span class='ocrx_word' id='word_1_141' title='bbox 590 2327 675 2410; x_wconf 83' lang='lat' dir='ltr'>fecit,</span> <span class='ocrx_word' id='word_1_142' title='bbox 699 2327 786 2412; x_wconf 93' lang='lat' dir='ltr'>quod</span> <span class='ocrx_word' id='word_1_143' title='bbox 799 2327 863 2392; x_wconf 90' lang='lat' dir='ltr'>fide</span> <span class='ocrx_word' id='word_1_144' title='bbox 878 2349 935 2391; x_wconf 86' lang='lat' dir='ltr'>sua</span> <span class='ocrx_word' id='word_1_145' title='bbox 950 2333 1035 2392; x_wconf 87' lang='lat' dir='ltr'>esset</span> 
     </span>
     <span class='ocr_line' id='line_1_22' title="bbox 130 2431 1070 2518; baseline 0.001 -21"><span class='ocrx_word' id='word_1_146' title='bbox 130 2433 306 2518; x_wconf 89' lang='lat' dir='ltr'>indignum.</span> <span class='ocrx_word' id='word_1_147' title='bbox 342 2431 426 2496; x_wconf 88' lang='lat' dir='ltr'>Nam</span> <span class='ocrx_word' id='word_1_148' title='bbox 448 2431 657 2495; x_wconf 77' lang='lat' dir='ltr'>Mandrbolen</span> <span class='ocrx_word' id='word_1_149' title='bbox 671 2431 857 2514; x_wconf 80' lang='lat' dir='ltr'>Magnetem</span> <span class='ocrx_word' id='word_1_150' title='bbox 879 2431 1035 2494; x_wconf 87' lang='lat' dir='ltr'>exercitui</span> <span class='ocrx_word' id='word_1_151' title='bbox 1056 2458 1070 2498; x_wconf 85' lang='lat' dir='ltr'>a</span> 
     </span>
     <span class='ocr_line' id='line_1_23' title="bbox 129 2532 1035 2621; baseline -0.001 -23"><span class='ocrx_word' id='word_1_152' title='bbox 129 2535 302 2621; x_wconf 87' lang='lat' dir='ltr'>praefecit:</span> <span class='ocrx_word' id='word_1_153' title='bbox 325 2535 393 2619; x_wconf 90' lang='lat' dir='ltr'>ipso</span> <span class='ocrx_word' id='word_1_154' title='bbox 416 2554 489 2597; x_wconf 93' lang='lat' dir='ltr'>cum</span> <span class='ocrx_word' id='word_1_155' title='bbox 511 2534 575 2597; x_wconf 92' lang='lat' dir='ltr'>suis</span> <span class='ocrx_word' id='word_1_156' title='bbox 597 2534 630 2597; x_wconf 93' lang='lat' dir='ltr'>in</span> <span class='ocrx_word' id='word_1_157' title='bbox 647 2532 884 2619; x_wconf 79' lang='lat' dir='ltr'>Cappadociam</span> <span class='ocrx_word' id='word_1_158' title='bbox 900 2533 1035 2598; x_wconf 88' lang='lat' dir='ltr'>discedit</span> 
     </span>
     <span class='ocr_line' id='line_1_24' title="bbox 132 2620 1033 2723; baseline -0.003 -21"><span class='ocrx_word' id='word_1_159' title='bbox 132 2620 396 2723; x_wconf 81' lang='lat' dir='ltr'>coniunctamque</span> <span class='ocrx_word' id='word_1_160' title='bbox 412 2637 486 2701; x_wconf 90' lang='lat' dir='ltr'>huic</span> <span class='ocrx_word' id='word_1_161' title='bbox 500 2637 753 2723; x_wconf 90' lang='lat' dir='ltr'>Paphlagoniam</span> <span class='ocrx_word' id='word_1_162' title='bbox 768 2642 902 2721; x_wconf 90' lang='lat' dir='ltr'>occupat</span> <span class='ocrx_word' id='word_1_163' title='bbox 918 2637 1033 2718; x_wconf 89' lang='lat' dir='ltr'>celans,</span> 
     </span>
     <span class='ocr_line' id='line_1_25' title="bbox 131 2736 1033 2824; baseline -0.006 -19"><span class='ocrx_word' id='word_1_164' title='bbox 131 2763 194 2824; x_wconf 87' lang='lat' dir='ltr'>qua</span> <span class='ocrx_word' id='word_1_165' title='bbox 221 2742 386 2806; x_wconf 83' lang='lat' dir='ltr'>voluntate</span> <span class='ocrx_word' id='word_1_166' title='bbox 417 2746 501 2805; x_wconf 90' lang='lat' dir='ltr'>esset</span> <span class='ocrx_word' id='word_1_167' title='bbox 526 2741 559 2804; x_wconf 91' lang='lat' dir='ltr'>in</span> <span class='ocrx_word' id='word_1_168' title='bbox 580 2740 821 2823; x_wconf 73' lang='lat' dir='ltr'>regem;.‚clam</span> <span class='ocrx_word' id='word_1_169' title='bbox 844 2760 916 2802; x_wconf 93' lang='lat' dir='ltr'>cum</span> <span class='ocrx_word' id='word_1_170' title='bbox 936 2736 1033 2801; x_wconf 82' lang='lat' dir='ltr'>Ario-</span> 
     </span>
     <span class='ocr_line' id='line_1_26' title="bbox 131 2840 1034 2927; baseline -0.007 -19"><span class='ocrx_word' id='word_1_171' title='bbox 131 2844 265 2908; x_wconf 87' lang='lat' dir='ltr'>barzane</span> <span class='ocrx_word' id='word_1_172' title='bbox 287 2845 362 2908; x_wconf 87' lang='lat' dir='ltr'>facit</span> <span class='ocrx_word' id='word_1_173' title='bbox 384 2844 564 2926; x_wconf 87' lang='lat' dir='ltr'>amicitiam,</span> <span class='ocrx_word' id='word_1_174' title='bbox 587 2865 716 2907; x_wconf 90' lang='lat' dir='ltr'>manum</span> <span class='ocrx_word' id='word_1_175' title='bbox 741 2846 915 2927; x_wconf 90' lang='lat' dir='ltr'>comparat,</span> <span class='ocrx_word' id='word_1_176' title='bbox 939 2840 1034 2903; x_wconf 88' lang='lat' dir='ltr'>urbes</span> 
     </span>
     <span class='ocr_line' id='line_1_27' title="bbox 132 2946 641 3010; baseline 0 -2"><span class='ocrx_word' id='word_1_177' title='bbox 132 2946 268 3009; x_wconf 89' lang='lat' dir='ltr'>munitas</span> <span class='ocrx_word' id='word_1_178' title='bbox 291 2948 354 3009; x_wconf 90' lang='lat' dir='ltr'>suis</span> <span class='ocrx_word' id='word_1_179' title='bbox 376 2946 511 3010; x_wconf 89' lang='lat' dir='ltr'>tuendas</span> <span class='ocrx_word' id='word_1_180' title='bbox 534 2946 641 3010; x_wconf 90' lang='lat' dir='ltr'>tradit.</span> 
     </span>
    </p>

    <p class='ocr_par' dir='ltr' id='par_1_4' title="bbox 124 3045 1064 3441">
     <span class='ocr_line' id='line_1_28' title="bbox 195 3045 1064 3133; baseline -0.001 -22"><span class='ocrx_word' id='word_1_181' title='bbox 195 3047 254 3111; x_wconf 84' lang='lat' dir='ltr'>VI.</span> <span class='ocrx_word' id='word_1_182' title='bbox 277 3048 343 3112; x_wconf 83' lang='lat' dir='ltr'>Sed</span> <span class='ocrx_word' id='word_1_183' title='bbox 364 3048 443 3112; x_wconf 87' lang='lat' dir='ltr'>baec</span> <span class='ocrx_word' id='word_1_184' title='bbox 465 3053 597 3133; x_wconf 88' lang='lat' dir='ltr'>propter</span> <span class='ocrx_word' id='word_1_185' title='bbox 620 3047 756 3113; x_wconf 85' lang='lat' dir='ltr'>hiemale</span> <span class='ocrx_word' id='word_1_186' title='bbox 779 3052 904 3131; x_wconf 88' lang='lat' dir='ltr'>tempus</span> <span class='ocrx_word' id='word_1_187' title='bbox 930 3045 1033 3108; x_wconf 90' lang='lat' dir='ltr'>minus</span> <span class='ocrx_word' id='word_1_188' title='bbox 1054 3071 1064 3110; x_wconf 88' lang='lat'>1</span> 
     </span>
     <span class='ocr_line' id='line_1_29' title="bbox 131 3147 1032 3235; baseline -0.002 -22"><span class='ocrx_word' id='word_1_189' title='bbox 131 3170 284 3235; x_wconf 91' lang='lat' dir='ltr'>prospere</span> <span class='ocrx_word' id='word_1_190' title='bbox 313 3149 541 3234; x_wconf 90' lang='lat' dir='ltr'>procedebant.</span> <span class='ocrx_word' id='word_1_191' title='bbox 591 3150 692 3214; x_wconf 85' lang='lat' dir='ltr'>Audit</span> <span class='ocrx_word' id='word_1_192' title='bbox 723 3147 847 3213; x_wconf 91' lang='lat' dir='ltr'>Pisidas</span> <span class='ocrx_word' id='word_1_193' title='bbox 879 3147 1032 3232; x_wconf 89' lang='lat' dir='ltr'>quasdam</span> 
     </span>
     <span class='ocr_line' id='line_1_30' title="bbox 132 3249 1032 3338; baseline -0.004 -20"><span class='ocrx_word' id='word_1_194' title='bbox 132 3254 239 3338; x_wconf 91' lang='lat' dir='ltr'>copias</span> <span class='ocrx_word' id='word_1_195' title='bbox 262 3252 414 3318; x_wconf 84' lang='lat' dir='ltr'>adversus</span> <span class='ocrx_word' id='word_1_196' title='bbox 436 3274 471 3317; x_wconf 94' lang='lat' dir='ltr'>se</span> <span class='ocrx_word' id='word_1_197' title='bbox 494 3275 616 3338; x_wconf 88' lang='lat' dir='ltr'>parare.</span> <span class='ocrx_word' id='word_1_198' title='bbox 657 3253 776 3317; x_wconf 83' lang='lat' dir='ltr'>Filium</span> <span class='ocrx_word' id='word_1_199' title='bbox 800 3270 838 3314; x_wconf 95' lang='lat' dir='ltr'>eo</span> <span class='ocrx_word' id='word_1_200' title='bbox 860 3249 1032 3314; x_wconf 75' lang='lat' dir='ltr'>Arsidtum</span> 
     </span>
     <span class='ocr_line' id='line_1_31' title="bbox 124 3353 1031 3441; baseline -0.002 -23"><span class='ocrx_word' id='word_1_201' title='bbox 124 3355 204 3419; x_wconf 70' lang='lat' dir='ltr'>&#39;cum</span> <span class='ocrx_word' id='word_1_202' title='bbox 227 3356 371 3421; x_wconf 84' lang='lat' dir='ltr'>exercitu</span> <span class='ocrx_word' id='word_1_203' title='bbox 392 3356 505 3420; x_wconf 91' lang='lat' dir='ltr'>mittit:</span> <span class='ocrx_word' id='word_1_204' title='bbox 530 3357 615 3421; x_wconf 90' lang='lat' dir='ltr'>cadit</span> <span class='ocrx_word' id='word_1_205' title='bbox 636 3359 669 3421; x_wconf 93' lang='lat' dir='ltr'>in</span> <span class='ocrx_word' id='word_1_206' title='bbox 691 3355 814 3441; x_wconf 87' lang='lat' dir='ltr'>proelio</span> <span class='ocrx_word' id='word_1_207' title='bbox 835 3353 1031 3418; x_wconf 89' lang='lat' dir='ltr'>adulescens.</span> 
     </span>
    </p>
   </div>
   <div class='ocr_carea' id='block_1_3' title="bbox 0 0 1204 3848">
    <p class='ocr_par' dir='ltr' id='par_1_5' title="bbox 0 0 1204 3848">
     <span class='ocr_line' id='line_1_32' title="bbox 0 0 1204 3848; baseline 0 0"><span class='ocrx_word' id='word_1_208' title='bbox 0 0 1204 3848; x_wconf 95' lang='lat' dir='ltr'> </span> 
     </span>
    </p>
   </div>
  </div>
 </body>
</html>
