2400 3848
186 221 241 278 136
507 219 572 258 xxv.
593 218 719 258 arrrons.
737 217 757 257 a

183 364 304 446 Latini,
338 373 374 428 ut
403 371 573 451 appareret
604 367 637 429 in
668 377 707 429 eo
739 365 883 430 nativum
917 363 1119 449 quemdam>

184 468 329 551 leporem
352 490 432 551 esse,
455 489 520 532 non
543 470 686 533 ascitum.
730 468 824 532 ldem
842 473 993 552 poemata
1009 487 1091 551 :pro-

184 572 349 635 nuntiabat
372 579 405 636 et
421 572 545 637 Graece
569 578 601 637 et
622 572 737 636 Latine
760 573 815 654 sic,
838 577 873 635 ut
895 592 991 656 supra
1011 569 1093 633 nihil

150 700 163 739 2
184 680 295 758 posset
323 674 407 741 addi.
453 675 575 749 Quibus
597 677 692 739 rebus
715 676 914 757 factumest,
942 680 981 738 ut
1003 674 1092 738 Sulla

184 797 340 861 nusquam
363 799 436 841 eum
459 779 498 842 ab
521 800 556 842 se
580 779 755 843 dimitteret
771 783 964 862 cuperetque
981 797 1091 840 secum

187 879 357 944 deducere.
403 880 464 955 Qui
493 902 566 945 oum
588 881 784 965 persuadere
815 878 970 962 tentaret,
1002 879 1091 960 ,noli,

186 1002 243 1046 oro
266 980 310 1046 te‘
331 983 435 1068 inquit
448 985 646 1069 Pomponius
669 985 850 1067 ,adversum
866 1004 922 1048 cos
937 1005 989 1048 me
1004 983 1089 1047 velle

187 1085 320 1169 ducere,
350 1109 421 1151 cum
451 1088 564 1172 quibus
592 1109 633 1152 ne
658 1094 768 1151 contra
796 1093 829 1153 te
853 1108 941 1151 arma
961 1085 1089 1167 ferrem,

185 1189 312 1253 Italiam
348 1189 497 1275 reliqui‘.-
529 1191 576 1255 At
608 1191 696 1256 Sulla
733 1192 947 1256 adulescentis
984 1190 1091 1253 officio

186 1293 366 1356 collaudato
392 1295 499 1357 omnia
521 1315 653 1358 munera
676 1296 715 1378 ei,
740 1316 820 1380 quae
838 1293 975 1359 Athenis
998 1314 1090 1358 acce-

150 1423 163 1461 s
185 1402 293 1480 perat,
315 1398 517 1481 proficiscens
538 1399 630 1462 iussit
653 1398 778 1462 deferri.
823 1398 887 1462 Hic
909 1398 1090 1481 complures

185 1521 285 1563 annos
300 1506 450 1583 moratus,
474 1522 546 1564 oum
562 1507 595 1565 et
609 1503 656 1565 rei
672 1502 818 1564 familiari
831 1506 956 1565 tantum
971 1520 1090 1585 operae

186 1602 295 1683 daret,
333 1609 484 1688 quantum
520 1625 585 1667 non
621 1603 791 1687 indiligens
829 1604 962 1668 deberet
997 1607 1091 1687 pater.

185 1704 336 1787 familias,
368 1711 401 1770 et
432 1707 538 1770 omnia
566 1708 690 1792 reliqua
718 1713 865 1793 tempora
894 1713 949 1771 aut
974 1707 1089 1771 litteris

185 1814 240 1872 aut
262 1808 506 1873 Atheniensium
534 1811 582 1874 rei
612 1810 759 1894 publicae
788 1812 957 1893 tribueret,
988 1810 1088 1875 nihilo

152 1914 289 1983 iminus
317 1914 426 1977 amicis
456 1915 578 1978 urbana
607 1914 709 1977 officia
729 1914 896 1998 praestitit.
941 1913 1025 1977 Nam
1057 1918 1090 1977 et

186 2016 225 2078 ad
250 2017 509 2080 comitiacorum
524 2017 692 2080 ventitavit
715 2021 756 2098 et,
779 2016 806 2079 si
829 2036 964 2100 quares
987 2015 1091 2078 maior

185 2126 257 2183 acta
279 2127 344 2202 est,
376 2141 441 2183 non
464 2119 579 2183 defuit:
612 2119 692 2182 siout
716 2119 864 2183 Ciceroni
886 2119 919 2181 in
943 2117 1090 2182 omnibus

185 2224 334 2306 periculis
349 2223 543 2304 singularem
564 2221 662 2286 fidem
676 2222 833 2306 praebuit,
858 2222 908 2285 cui
931 2243 973 2285 ex
987 2223 1090 2305 patria

185 2327 320 2408 fugienti
336 2327 517 2389 sestertium
539 2325 675 2389 ducenta
698 2330 730 2388 et
753 2323 980 2408 quinquaginta
1001 2323 1090 2391 milia

151 2430 326 2498 adoravit.
371 2427 595 2513 Tranquillatis
633 2434 741 2490 autem
774 2427 868 2491 rebus
903 2427 1091 2510 remigravit

185 2531 339 2614 Romam,
369 2538 404 2594 ut
428 2533 560 2615 opinor,
587 2529 624 2594 L.
650 2530 745 2593 Cotta
767 2529 804 2593 L.
827 2529 988 2614 Torquato
1013 2548 1090 2593 con·

186 2634 320 2697 solibus:
352 2654 447 2717 quem
477 2633 697 2697 discedentem
726 2633 771 2695 sic
801 2633 949 2696 universa
980 2632 1089 2697 civitas

185 2737 429 2800 Atheniensium
451 2743 623 2822 prosecuta
645 2740 704 2817 est,
726 2741 762 2798 ut
782 2736 920 2798 lacrimis
939 2733 1090 2799 desiderii

185 2839 282 2902 futuri
306 2840 452 2904 dolorem
473 2841 638 2904 indicaret.
1159 2833 1162 2838 ’

151 2977 163 3013 1
249 2943 291 3006 V.
314 2943 464 3007 Habebat
479 2943 670 3007 avunculum
687 2943 725 3016 Q.
742 2943 927 3024 Caecilium,
948 2943 1089 3025 equitem

185 3044 378 3128 Romanum,
401 3047 588 3110 familiarem
610 3047 647 3110 L.
669 3046 812 3129 Luculli,
836 3046 985 3130 divitem,
1007 3045 1088 3111 diffi·
1189 3045 1190 3050 ’

187 3151 304 3213 cillima
325 3156 453 3213 natura:
484 3151 572 3213 cuius
594 3151 639 3212 sic
662 3151 866 3234 asperitatem
888 3149 1008 3213 veritus
1030 3154 1089 3230 est,

186 3259 231 3334 ut,
253 3274 347 3337 quem
362 3273 458 3316 nemo
474 3252 557 3316 ferre
573 3258 691 3336 posset,
714 3252 807 3316 huius
827 3253 895 3315 sine
912 3251 1088 3315 offensione

187 3357 228 3418 ad
251 3377 406 3419 summam
428 3361 627 3419 senectutem
642 3356 809 3419 retinuerit
830 3356 1088 3420 benivolentiam.
