2400 3848
158 214 196 271 74
472 212 530 252 nv.
550 211 693 252 narinus.
715 212 747 251 11.

64 441 69 451 Ι
157 381 268 454 regem
290 362 466 446 suscepisse
489 362 626 444 bellum,
656 383 728 427 cum
750 359 992 444 nihilomagis,
1023 381 1068 425 ne

158 486 252 551 quam
267 467 481 550 suspicionem
494 467 541 529 illi
555 466 726 551 praeberet
741 466 935 547 insidiarum,
957 484 1069 549 neque

158 566 352 657 colloquium
390 572 457 634 eius
493 571 607 655 petivit
645 591 749 654 neque
786 570 821 632 in
856 572 1070 652 conspectum

158 676 267 740 venire
291 673 421 738 studuit.
466 675 518 739 Sic
541 674 655 738 absens
678 674 848 737 amicitiam
862 673 1007 757 gerebat,
1031 679 1072 734 ut

158 799 225 842 non
246 777 408 841 beneficiis
430 778 565 859 mutuis,
590 777 648 842 sed
671 777 832 841 communi
856 776 947 858 odio,
976 775 1071 861 quod

160 902 238 964 erga
259 900 370 963 regem
392 884 607 964 susceperant,
630 881 786 943 contineri
808 878 1004 943 viderentur.

127 1008 138 1045 1
224 982 284 1046 XI.
313 982 354 1046 Id
385 1003 457 1046 cum
488 984 563 1046 satis
594 1003 628 1047 se
661 984 863 1048 confirmasse
895 983 1071 1047 arbitratus

160 1093 219 1170 est,
243 1087 412 1150 certiorem
433 1085 509 1149 facit
523 1084 685 1150 Datamen
699 1093 825 1171 tempus
842 1106 912 1151 esso
926 1087 1071 1150 maiores

161 1190 319 1254 exereitus
341 1189 446 1274 parari
468 1194 501 1253 et
522 1189 643 1252 bellum
664 1211 736 1254 cum
758 1191 827 1276 ipso
850 1210 928 1273 rege
948 1190 1073 1274 suscipi

162 1293 265 1379 deque
289 1315 329 1358 ea
349 1315 395 1376 re,
418 1295 445 1357 si
467 1295 497 1357 ei
519 1293 697 1376 videretur,
720 1315 783 1378 quo
806 1295 878 1357 loco
902 1293 1012 1376 vellet,
1034 1294 1072 1358 in

162 1398 356 1483 colloquium
366 1398 499 1461 veniret.
521 1398 662 1461 Probata
674 1418 710 1462 re
723 1398 928 1482 colloquendi
939 1403 1072 1482 tempus

128 1530 140 1567 a
161 1502 295 1564 sumitur
317 1500 481 1584 locusque,
505 1521 567 1585 quo
584 1502 818 1564 conveniretur.
851 1500 925 1565 Huc
939 1501 1072 1591 ¹lllithri-

163 1603 254 1668 dates
276 1625 348 1668 cum
370 1625 445 1686 uno,
469 1605 519 1667 cui
541 1605 680 1668 maxime
703 1604 840 1668 habebat
862 1604 968 1686 fidem,
992 1611 1073 1670 ante

162 1708 283 1791 aliquot
307 1706 375 1770 dies
391 1708 479 1770 venit
494 1707 770 1791 compluribusque
794 1709 873 1772 locis
895 1709 1074 1793 separatim

162 1810 287 1893 gladios
311 1810 417 1873 obruit
440 1831 540 1894 eaque
563 1811 636 1874 loca
655 1809 824 1894 diligenter
845 1818 945 1876 notat.
990 1812 1072 1898 Ipso

163 1920 271 1978 autem
294 1915 446 2000 colloquii
468 1915 520 1979 die
542 1915 685 1999 utrique,
711 1916 818 1979 locum
841 1917 895 2000 qui
918 1917 1073 2001 explora-

162 2025 234 2083 rent
263 2023 358 2103 atque
387 2018 474 2103 ipsos
502 2023 734 2100 scrutarentur,
765 2020 911 2083 mittunt:
950 2018 1073 2085 deinde

128 2148 140 2186 a
162 2122 223 2206 ipsi
244 2128 316 2185 sunt
333 2122 505 2205 congressi.
535 2122 598 2186 Hic
614 2144 686 2186 cum
702 2122 897 2207 aliquamdiu
917 2123 950 2185 in
966 2124 1073 2187 collo·

163 2226 237 2309 quio
249 2226 383 2289 fuissent
397 2231 430 2289 et
444 2225 569 2289 diverse
582 2225 800 2290 discessissent
815 2226 942 2309 iamque
954 2227 1074 2310 procul

162 2327 316 2392 Datames
331 2329 467 2409 abesset,
490 2330 703 2412 Mithridates,
725 2331 909 2416 priusquam
932 2329 972 2392 ad
992 2351 1073 2395 suos

162 2432 362 2515 perveniret,
398 2453 440 2495 ne
478 2453 573 2517 quam
608 2434 823 2517 suspicionem
853 2438 996 2518 pareret,
1034 2434 1074 2499 in

163 2534 303 2598 eundem
329 2535 437 2598 locum
465 2538 634 2600 revertitur
662 2542 757 2621 atque
786 2537 847 2619 ibi,
881 2537 936 2599 ubi
965 2537 1074 2601 telum

163 2645 231 2702 erat
252 2639 423 2721 infossum,
453 2638 588 2721 resedit,
620 2645 656 2702 ut
678 2640 705 2702 si
726 2639 911 2703 lassitudine
935 2645 1074 2723 cuperet

163 2743 382 2827 acquiescere,
410 2741 632 2827 Datamenque
661 2745 825 2807 revocavit
853 2743 1003 2806 simulans
1033 2764 1073 2809 se

128 2875 140 2910 4
163 2844 315 2930 quiddam
329 2847 362 2908 in
376 2846 536 2931 colloquio
554 2866 623 2909 esse
638 2846 781 2910 oblitum.
806 2846 940 2910 Interim
955 2847 1073 2931 tolum,

163 2948 250 3032 quod
272 2949 407 3031 latebat,
435 2949 570 3033 protulit
591 2949 809 3035 nudatumque
832 2951 948 3034 vagina
976 2956 1072 3016 veste

162 3052 245 3115 texit
276 3073 314 3115 ac
344 3051 473 3116 Datami
501 3053 642 3116 venienti
674 3054 732 3116 ait:
767 3052 1002 3136 digredientem
1032 3076 1072 3121 se

163 3153 423 3218 animadvertisse
445 3156 553 3218 locum
576 3154 745 3239 quendam,
768 3157 822 3239 qui
846 3158 967 3220 eratin
990 3178 1072 3222 con-

130 3263 284 3341 aspectu,
309 3256 350 3321 ad
372 3265 474 3322 eastra
495 3257 647 3342 ponenda
668 3279 738 3322 esse
761 3258 924 3323 idoneum.
962 3258 1073 3333 Quem

165 3380 237 3422 cum
261 3360 359 3444 digito
384 3361 617 3426 demonstraret
640 3367 673 3426 et
694 3363 748 3426 ille
769 3363 952 3447 respiceret,
975 3384 1073 3429 aver-
