2400 3848
173 241 229 309 138
396 224 397 227 ¹
479 242 547 289 xxa
565 249 693 290 anricus.
713 250 732 290 r.
748 250 767 289 s,

132 398 150 461 ἰ
170 397 223 462 iit:
245 396 399 462 iudicium·
415 399 538 462 nullum
559 396 680 460 habuit.
718 396 893 463 Multorum
910 399 1077 464 consulum

169 506 419 587 praetorumque
436 500 652 585 praefecturas
674 499 796 563 delatas
818 501 863 564 sic
885 502 1018 587 accepit,
1040 508 1077 566 ut

169 605 332 669 neminem
354 604 387 666 in
408 604 605 688 provinciam
625 603 666 665 sit
681 609 818 685 secutus,
841 605 963 668 honore
979 605 1077 670 fuerit
1103 629 1106 632 ⁴

170 712 349 787 contentus,
364 707 411 769 rei
423 706 585 768 familiaris
596 705 781 789 despexerit
794 707 947 772 fructum:
967 710 1021 794 qui
1035 731 1076 774 ne

170 833 242 875 cum
255 809 517 900 Quintopquidem
528 808 684 873 Cicerone
697 810 835 873 voluerit
849 811 896 875 ira
911 811 944 874 in
953 811 1076 896 Asiam,

169 937 241 979 cum
256 915 342 999 apud
359 936 433 978 eum
446 914 545 997 legati
560 914 667 977 locum
683 913 828 978 obtinere
843 920 962 998 posset.
1000 916 1077 979 Non

168 1020 255 1084 enim
267 1019 382 1082 decere
399 1039 432 1082 se
445 1017 666 1098 arbitrabatur,
682 1038 754 1081 cum
765 1023 948 1102 praeturam
959 1039 1075 1102 gerere

134 1146 147 1184 r
168 1123 332 1204 noluisset,
355 1122 508 1186 asseclam
525 1142 595 1184 esse
610 1121 778 1206 praetoris.
816 1121 888 1196 Qua
901 1122 936 1185 in
957 1144 992 1186 re
1008 1142 1076 1186 non

168 1227 273 1289 solum
288 1225 434 1308 dignitati
450 1224 620 1306 serviebat,
643 1190 701 1287 sid
724 1224 821 1288 etiam
842 1225 1075 1309 tranquillitati,

169 1349 241 1392 cum
253 1329 450 1412 suspiciones
461 1348 590 1412 quoquc·
599 1327 716 1390 vitaret
731 1327 907 1390 criminum.
931 1327 1002 1400 Quo
1016 1328 1074 1392 fie-

168 1431 232 1509 bat,
254 1438 291 1495 ut
307 1433 374 1496 eius
392 1431 595 1510 observantia
611 1431 757 1494 omnibus
772 1437 857 1495 esset
872 1432 985 1506 carior,
1001 1417 1089 1495 cumr

168 1556 240 1598 eam
257 1535 371 1617 officio,
392 1556 458 1599 non
481 1535 588 1597 timori
601 1555 706 1618 neque
722 1535 791 1617 spei
806 1535 901 1597 tribui
915 1534 1073 1600 viderent.

134 1657 146 1697 1
231 1636 308 1702 VII.
337 1636 455 1700 Incidit
479 1637 703 1700 Caesarianum
726 1637 818 1700 civile
841 1637 978 1717 bellum,
1001 1625 1074 1701 curn

167 1741 301 1804 haberet
323 1761 422 1804 annos
439 1740 563 1803 circiter
583 1741 759 1823 sexaginta.
795 1740 880 1805 Usus
896 1747 944 1806 est
960 1743 1074 1805 aetatis

166 1845 333 1907 vacatione
370 1864 474 1928 nequa
512 1864 546 1906 se
584 1864 745 1928 quoquam
776 1845 878 1908 movit
909 1867 952 1909 ex
982 1847 1072 1911 urbe.

168 1945 257 2020 Quae
295 1946 403 2010 amicis
435 1946 498 2009 suis
532 1967 610 2031 opus
645 1948 772 2012 fuerant
808 1949 850 2012 ad
880 1949 1073 2033 Pompeium

166 2050 448 2134 proficiscentibus,
473 2051 580 2114 omnia
602 2072 644 2114 ex
666 2073 723 2115 sua
744 2075 779 2116 re
801 2054 948 2118 familiari
964 2052 1071 2118 dedit:

131 2179 144 2219 r
165 2156 269 2238 ipsum
283 2153 475 2237 Pompeium
499 2156 701 2218 coniunctum
724 2177 789 2218 non
814 2157 957 2221 offendit.
977 2141 1071 2221 'Nul-

165 2259 231 2321 lum
254 2257 293 2320 ab
317 2277 356 2321 co
380 2257 519 2320 habebat
542 2265 779 2338 ornamentum,
809 2265 846 2323 ut
872 2261 987 2341 ceteri,
1018 2261 1072 2345 qui

165 2383 223 2445 per
245 2382 319 2425 eum
342 2366 397 2424 aut
418 2361 556 2425 honores
581 2367 635 2424 aut
658 2362 783 2425 divitias
799 2367 966 2446 ceperant:
990 2383 1069 2446 quo·

164 2486 236 2529 rum
257 2465 373 2546 partim
396 2464 574 2528 invitissimi
597 2471 700 2527 castra
728 2469 801 2527 sunt
830 2466 931 2528 secuti
952 2467 1070 2549 partim

163 2588 288 2630 summa
316 2587 387 2628 cum
417 2566 484 2630 eius
514 2566 690 2630 offensione
721 2566 808 2630 domi
837 2576 1069 2633 remanserunt.

128 2699 142 2737 a
163 2670 264 2732 Attici
287 2673 393 2732 autern
423 2669 513 2753 quies
535 2675 703 2753 tantopere
728 2669 857 2734 Caesari
886 2671 946 2734 fuit
967 2678 1068 2754 grata,

163 2779 199 2836 ut
229 2773 347 2851 victor,
380 2792 452 2833 curn
482 2772 612 2853 privatis
644 2773 795 2854 pecunias
826 2794 885 2857 per
916 2773 1069 2856 epistulas

163 2877 350 2956 imperaret,
379 2874 453 2937 huic
481 2895 546 2937 non
568 2876 672 2937 solum
688 2876 848 2939 'molestus
874 2896 940 2938 non
962 2876 1067 2958 fuerit,

164 2979 222 3043 sed
254 2981 350 3042 etiam
382 2978 499 3041 sororis
536 2977 634 3040 filium
667 2984 700 3042 et
731 2978 769 3051 Q.
802 2977 993 3041 Ciceronem
1026 2999 1068 3042 ex

162 3082 310 3165 Pompeii
333 3082 442 3144 castris
466 3082 668 3143 concesserit.
713 3081 765 3144 Sic
788 3087 897 3144 vetere
920 3081 1066 3144 instituto

162 3184 246 3246 vitae
272 3183 384 3265 effugit
404 3203 489 3245 nova
511 3183 662 3266 pericula.

129 3299 149 3345 1'
226 3280 320 3343 VIII.
352 3282 465 3346 Occiso
484 3285 630 3367 Caesare,
654 3306 726 3350 oum
744 3307 795 3349 res
817 3285 945 3371 publica
967 3304 1067 3368 penes

162 3382 280 3446 Brutos
308 3383 472 3449 videretur
501 3408 571 3451 esse
602 3397 635 3453 et
660 3390 804 3453 Cassium
832 3410 869 3454 ao
896 3393 967 3453 tota
989 3387 1066 3452 civi·
