2400 3848
411 237 481 276 XVII.
501 237 667 277 AGESILAUS.
689 239 707 277 ’1.
720 240 739 278 8.
989 245 1026 301 93

123 391 208 450 esset
229 408 431 472 quemquam
463 386 503 450 ad
534 387 643 452 hostes
674 389 874 472 transfugere
908 390 1026 472 conari,

123 509 196 554 oum
232 490 296 553 suis
332 511 370 554 eo
404 491 492 555 venit
526 497 640 575 atque,
676 500 712 555 ut
743 493 769 554 si
801 493 885 555 bono
920 493 1025 555 animo

122 593 289 675 fecissent,
320 593 462 659 laudavit
490 597 657 659 consilium
680 618 807 678 eorum,
838 597 923 680 quod
954 618 1027 660 eum

123 697 229 760 locum
262 704 487 781 occupassent:
521 720 554 762 se
585 720 711 783 quoque
743 699 776 762 id
807 700 876 763 fieri
908 700 1026 762 debere
1057 717 1061 721 ’

123 800 394 865 animadvertisse.
433 801 485 865 Sic
508 801 730 866 adulescentes
746 803 893 866 simulata
915 802 1025 865 lauda·
1050 825 1062 862 a

122 907 210 970 tione
233 907 435 991 recuperavit
464 912 496 970 et
519 906 675 970 adiunctis
709 907 748 971 de
772 909 836 997 suis
860 908 1027 971 comitibus

121 1011 228 1074 locum
243 1013 346 1074 tutum
361 1011 500 1095 reliquit.
530 1011 676 1096 Namque
692 1012 738 1073 illi
753 1011 879 1076 adiecto
893 1031 1026 1074 numero

123 1134 252 1196 eorum,
281 1114 335 1198 qui
365 1120 516 1198 expertes
539 1121 630 1177 erant
652 1115 791 1196 consilii,
824 1135 1027 1178 commovere

122 1239 156 1282 se
187 1238 253 1281 non
283 1224 356 1281 sunt
385 1219 453 1282 ausi
482 1239 585 1301 eoque
615 1218 782 1301 libentius,
812 1219 897 1303 quod
928 1219 1026 1283 latere

122 1321 365 1403 arbitrabantur,
389 1342 469 1406 quae
494 1322 722 1404 cogitaverant.

185 1423 262 1488 VII.
294 1425 369 1490 Sine
408 1425 504 1489 dubio
542 1432 616 1510 post
652 1426 852 1490 Leuctricam
887 1447 1061 1510 pugnamr

121 1526 368 1591 Lacedaemonii
392 1550 425 1592 se
449 1549 622 1614 numquam
639 1531 821 1594 refecerunt
835 1551 940 1614 neque
963 1530 1027 1614 pri-

121 1631 239 1694 stinum
253 1631 423 1714 imperium
437 1638 675 1716 recuperarunt,
700 1654 772 1696 cum
786 1633 913 1697 interim
935 1655 1027 1697 num·

122 1755 217 1819 quam
253 1734 423 1817 Agesilaus
462 1735 600 1817 destitit,
646 1737 895 1822 quibuscumque
933 1737 1028 1800 rebus

122 1843 248 1921 posset,
282 1838 418 1921 patriam
454 1839 574 1902 iuvare.
628 1839 711 1902 Nam
748 1861 820 1903 oum
855 1841 1061 1925 praecipuea

121 1940 370 2004 Lacedaemonii
398 1941 580 2024 indigerent
601 1943 752 2025 pecunia,
784 1943 839 2006 ille
873 1943 1027 2025 omnibus,

123 2044 176 2129 qui
205 2065 322 2127 aroge
348 2044 546 2126 defecerant,
574 2045 734 2129 praesidio
765 2045 840 2108 fuit:
867 2066 886 2109 a
915 2044 1027 2130 quibus

122 2169 238 2232 magna
254 2149 388 2212 donatus
401 2150 537 2232 pecunia
549 2150 684 2232 patriam
700 2148 888 2212 sublevavit.
919 2148 1026 2232 Atque
1048 2184 1062 2223 2

121 2253 155 2316 in
176 2253 239 2317 hoc
261 2252 340 2314 illud
362 2253 525 2335 inprimis
547 2251 607 2314 fuit
629 2251 833 2333 admirabile,
866 2273 938 2315 eum
960 2273 1026 2321 rna·

121 2354 211 2420 xima
232 2375 366 2417 munera
395 2354 426 2418 ei
454 2355 494 2418 ab
515 2355 645 2437 regibus
669 2376 705 2417 ac
729 2355 870 2438 dynastis
893 2355 1027 2419 civitati-

121 2461 243 2545 busque
265 2460 494 2540 conferrentur,
518 2457 604 2543 quod
627 2459 705 2521 nihil
727 2480 878 2542 umquam
898 2458 1027 2522 domum

122 2584 212 2626 suam
241 2563 391 2643 contulit,
422 2562 501 2625 nihil
531 2561 571 2625 de
599 2561 701 2642 victu,
732 2561 811 2624 1111111
842 2560 881 2625 de
911 2562 1027 2624 vestitu

121 2669 286 2732 Laconum
309 2668 451 2730 mutavit.
496 2667 603 2730 Domo
628 2665 742 2728 eadem
767 2664 827 2728 fuit
849 2670 1026 2746 contentus,
1048 2686 1059 2718 4

123 2792 185 2855 qua
216 2771 449 2854 Eurysthenes,
481 2770 669 2855 progenitor
699 2769 855 2831 maiorum
886 2788 1026 2849 suorum,

121 2875 226 2938 fuerat
254 2895 344 2936 usus:
376 2894 470 2957 quam
498 2874 551 2957 qui
573 2874 721 2953 intrarat,
749 2872 872 2935 nullum
901 2873 1026 2953 signum

122 2975 277 3056 libidinis,
300 2975 423 3038 nullum
444 2975 589 3038 luxuriae
611 2974 722 3038 videre
745 2980 887 3059 poterat,
916 2979 1027 3036 contra

123 3082 259 3167 plurima
281 3081 455 3163 patientiae
478 3086 572 3164 atque
603 3081 823 3145 abstinentiae.
867 3081 919 3144 Sic
941 3083 1028 3146 enim

123 3192 192 3250 erat
221 3187 389 3266 instructa,
421 3190 457 3247 ut
488 3185 522 3246 in
547 3183 635 3246 nulla
656 3204 691 3247 re
723 3182 867 3247 differret
889 3184 1027 3250 cuiusvis

41 3296 42 3299 ’
122 3290 228 3373 inopis
250 3294 346 3373 atque
369 3287 496 3373 privati.

187 3391 280 3456 VIII.
313 3391 422 3475 Atque
445 3390 497 3454 hio
519 3395 626 3453 tantus
648 3389 712 3471 vir,
735 3394 770 3451 ut
791 3394 938 3453 naturam
958 3390 1026 3456 fau·
1049 3416 1061 3457 1
