2400 3848
440 233 490 271 VII.
509 233 689 272 ALCIBIADES.
708 237 727 272 4.
997 238 1034 294 33

129 380 203 445 Hoc
233 402 306 445 cum
328 388 497 466 appareret
525 403 591 446 non
620 382 688 446 sine
717 403 834 466 magna
861 384 1069 448 multorumc

130 487 339 550 consensione
363 507 433 550 esse
455 487 590 569 factum,
614 507 695 571 quae
718 507 784 550 non
806 485 847 549 ad
869 487 1035 571 privatam,

131 589 189 654 sed
225 587 386 673 publicam
418 607 487 650 rem
524 588 719 672 pertineret,
756 607 890 670 magnus
927 588 1033 652 multi·

130 697 232 761 tudini
258 697 355 761 timor
384 703 435 762 est
456 697 606 780 iniectus,
637 718 678 761 ne
709 718 771 782 qua
798 697 966 780 repentina
986 697 1033 759 vis

129 801 163 862 in
185 800 311 866 civitate
334 801 514 882 exsisteret,
538 821 619 884 quae
641 800 822 864 libertatem
839 801 1064 885 opprimeret,

129 903 249 988 populi.
293 904 368 967 Hoc
397 903 538 967 maxime
568 903 738 968 convenire
770 904 804 967 in
831 901 1032 967 Alcibiadem
1048 907 1068 971 '4
1086 927 1169 944 “-

130 1006 305 1088 videbatur,
328 1004 415 1091 quod
438 1011 472 1069 et
491 1006 654 1090 potentior
678 1012 710 1070 et
732 1006 833 1070 maior
851 1027 946 1090 quam
968 1005 1031 1089 pri-

129 1116 220 1174 vatus
243 1108 497 1182 existimabatur:
522 1110 639 1171 multos
654 1109 739 1172 enim
761 1110 952 1174 liberalitate
976 1107 1031 1171 de-

129 1215 286 1295 vinxerat,
314 1213 423 1297 plures
446 1212 543 1276 ctiam
553 1213 806 1299 operatorensi
828 1234 902 1277 suos
924 1209 1031 1275 reddi-

130 1319 230 1384 derat.
269 1317 375 1392 Quare
389 1316 495 1398 fiebat,
517 1321 553 1380 ut
568 1316 711 1380 omnium
728 1317 847 1398 oculos,
871 1315 1032 1400 quotiens·
1055 1356 1068 1394 5

130 1444 265 1508 cumque
287 1423 321 1486 in
341 1421 504 1506 publicum
518 1420 687 1506 prodisset,
710 1419 752 1484 ad
773 1440 808 1484 se
832 1423 1034 1484 converteret

132 1547 233 1610 neque
271 1525 302 1590 ei
337 1546 396 1610 par
426 1525 593 1610 quisquam
625 1524 659 1587 in
692 1524 819 1588 civitate
848 1527 1033 1609 poneretur.

130 1629 242 1713 Itaque
258 1650 325 1692 non
340 1629 445 1692 solum
467 1649 557 1713 spem
572 1628 605 1690 in
620 1648 659 1691 eo
676 1628 836 1691 habebant
850 1612 1034 1705 maximam,

131 1733 188 1797 scd
211 1731 307 1796 etiam
329 1730 488 1813 timorem,
512 1729 599 1815 quod
621 1735 654 1793 et
677 1730 789 1794 obesse
807 1730 980 1814 plurimum
1003 1734 1035 1792 et

130 1836 284 1922 prodesse
315 1838 452 1919 poterat.
497 1831 737 1917 Aspergebatur
768 1833 866 1897 etiam
895 1832 1071 1912 infamia,

133 1937 221 2024 quod
254 1938 288 2000 in
325 1935 421 1999 domo
460 1955 517 1998 sua
548 1935 654 1999 facere
672 1936 841 2019 ‘mysteria
873 1933 1036 1998 dicebatur

92 2124 95 2128 .
135 2039 235 2126 (quod
258 2038 347 2101 nefas
370 2042 438 2101 crat
460 2057 549 2100 more
570 2036 828 2118 Atheniensium)
852 2036 948 2121 idque
971 2055 1037 2099 non

134 2143 175 2208 ad
196 2142 403 2225 religionem,
435 2138 493 2202 sed
525 2139 565 2202 ad
595 2140 847 2203 coniurationem
875 2139 1036 2224 pertinere

134 2245 385 2312 existimabatur.

197 2349 256 2414 IV.
285 2350 360 2413 Hoc
376 2348 506 2412 crimine
522 2348 555 2411 in
571 2347 721 2411 contione
737 2346 775 2410 ab
791 2345 926 2410 inimicis
949 2365 1035 2409 com·
1059 2389 1070 2426 1

132 2453 320 2540 pellabatur.
365 2451 431 2516 Sed
452 2451 591 2515 instabat
608 2457 733 2536 tempus
757 2449 799 2514 ad
819 2450 940 2515 bellum
961 2470 1035 2534 pro-

132 2555 303 2622 ficiscendi.
348 2555 387 2618 Id
409 2555 463 2619 ille
486 2555 612 2619 intuens
627 2575 732 2640 neque
754 2554 905 2638 ignorans
921 2553 1036 2617 civium

133 2682 264 2725 suorum
286 2658 551 2724 consuetudinem
571 2657 766 2743 postulabat,
790 2655 914 2741 siquid
938 2654 978 2719 dc
1001 2676 1035 2719 se
1071 2669 1072 2672 ’

135 2765 187 2846 agi
208 2762 344 2844 vellent,
375 2762 481 2846 potius
511 2760 551 2826 de
574 2764 743 2846 praesente
767 2759 909 2844 quaestio
936 2756 1035 2820 habe-

134 2871 222 2930 retur
251 2885 347 2950 quam
368 2864 482 2930 absens
504 2864 641 2929 invidiae
672 2864 802 2928 crimine
825 2866 1035 2926 accusaretur.

134 2967 260 3032 Inimici
280 2987 357 3031 vero
380 2967 448 3031 eius
464 2950 693 3051 quiescendum
715 2969 745 3030 in
769 2964 1071 3052 praesentiaquia2

134 3072 244 3136 noceri
266 3072 296 3135 ei
317 3090 381 3134 non
403 3091 498 3155 posse
520 3070 766 3155 intellegebant,
799 3074 831 3133 ct
853 3066 933 3131 illud
954 3072 1035 3131 tem-

133 3197 193 3261 pus
217 3174 468 3261 exspectandum
498 3175 725 3255 decreverunt,
753 3193 815 3257 quo
839 3172 974 3252 exisset,
1001 3175 1037 3233 ut

135 3279 300 3343 absentem
323 3277 589 3361 aggrederentur,
618 3279 725 3362 itaque
755 3276 909 3339 fecerunt.
953 3273 1066 3338 Nams

134 3386 304 3466 postquam
324 3381 357 3444 in
373 3379 512 3444 Siciliam
535 3402 608 3445 eum
623 3380 807 3465 pervenisse
823 3376 1036 3460 crediderunt,
