2400 3848
164 222 220 279 140
488 226 554 268 xxv.
574 225 701 268 annaeus.
718 226 737 266 a.

162 382 288 447 divinus
314 381 426 464 fucrit,
451 381 478 445 si
508 381 660 446 divinatio
691 378 883 465 appellanda
912 382 962 443 est
989 398 1065 463 per-

162 494 260 570 petua
281 486 434 550 naturalis
456 486 592 568 bonitas,
615 505 696 569 quae
719 486 815 549 nullis
838 482 964 548 casibus
988 501 1065 545 con-

130 610 142 647 a
161 589 278 653 outitur
292 609 397 672 neque
413 589 575 652 minuitur.
605 589 717 652 Hostis
729 588 891 651 Antonius
905 584 1065 650 iudicatus

160 693 255 756 Italia
276 701 430 758 cesserat:
453 714 526 777 spes
548 691 739 757 restituendi
761 692 849 755 nulla
871 696 948 756 erat.
989 690 1067 755 Non

161 797 264 859 solum
298 797 433 879 inimici,
473 797 527 881 qui
561 802 630 861 tum
661 803 752 861 erant
786 795 1002 880 potentissimi
1032 801 1067 858 et

159 901 298 984 plurimi,
321 899 496 964 sedetiam
518 901 573 984 qui
594 898 783 963 adversariis
798 899 866 962 eius
889 919 924 962 se
948 895 1067 975 dabant

161 1009 194 1067 et
216 1003 248 1065 in
266 1023 305 1066 eo
322 1002 480 1068 laedendo
497 1003 635 1087 aliquam
651 1007 879 1066 consecuturos
894 999 1067 1085 sperabant

161 1105 432 1189 commoditatem,
455 1105 589 1171 Antonii
610 1106 781 1170 familiares
806 1105 1065 1190 insequebantur,

160 1229 297 1274 uxorem
318 1209 466 1274 Fulviam
490 1210 635 1274 omnibns
663 1211 759 1275 rebus
788 1210 926 1294 spoliare
956 1209 1064 1293 cupie-

133 1310 247 1394 abant,
262 1311 382 1376 liberos
398 1313 494 1377 etiam
510 1313 715 1396 exstinguere
730 1311 895 1397 parabant.
928 1310 1066 1388 Atticus,

162 1435 234 1478 cum
258 1413 420 1478 Ciceronis
443 1415 554 1478 intima
572 1414 785 1479 familiaritate
808 1419 963 1498 uteretur,
986 1414 1066 1479 ami·

162 1519 304 1581 oissimus
327 1523 413 1581 esset
427 1516 539 1599 Bruto,
561 1537 627 1581 non
652 1517 751 1582 modo
773 1518 853 1582 nihil
875 1519 913 1581 iis
934 1516 1067 1582 indulsit

162 1621 203 1684 ad
224 1621 402 1685 Antonium
423 1620 624 1704 violandum,
656 1620 714 1685 sed
743 1622 944 1686 econtrario
972 1620 1065 1684 fami-

160 1725 255 1788 liares
278 1725 345 1789 eius
370 1745 412 1788 ex
430 1723 508 1788 urbe
530 1723 759 1809 profugientes,
783 1729 935 1809 quantum
949 1724 1065 1808 potuit,

133 1829 252 1910 rtexit,
275 1827 388 1911 quibus
410 1827 505 1892 rebus
527 1827 750 1911 indiguerunt,
774 1829 904 1892 adiuvit.
948 1826 1064 1892 Publio

160 1952 236 1995 vero
266 1930 440 1994 Volumnio
471 1952 510 1996 ea
538 1933 663 2013 tribuit,
695 1938 731 1997 nt
760 1934 853 2018 plura
882 1955 901 1996 a
931 1937 1064 2016 parente

160 2034 317 2118 proficisci
347 2054 413 2097 non
449 2035 621 2118 potuerint.
670 2034 738 2118 Ipsi
774 2041 882 2100 autem
918 2035 1064 2117 Fulviae,

161 2158 233 2200 cum
275 2136 382 2200 litibus
420 2136 625 2203 distineretur
665 2139 851 2223 magnisque
888 2138 1064 2202 terroribus

159 2246 340 2321 vexaretur,
354 2244 444 2304 tanta
459 2240 624 2324 diligentia
639 2242 778 2305 officium
790 2262 881 2305 suum
895 2241 1064 2325 praestitit,

159 2351 195 2407 ut
221 2344 344 2406 nullum
373 2343 429 2407 illa
456 2345 572 2409 stiterit
600 2344 828 2430 vadimonium,
852 2346 910 2410 sed
928 2345 1058 2410 Atticus

134 2467 294 2531 asponsor
318 2447 459 2510 omnium
481 2467 589 2511 rerum
610 2447 715 2511 fuerit.
761 2447 967 2529 Quinetiam,
991 2467 1063 2510 cum

88 2612 93 2625 ,
158 2551 213 2613 illa
242 2548 376 2613 fundum
406 2547 547 2613 secunda
582 2547 711 2613 fortuna
742 2550 871 2614 emisset
907 2549 940 2612 in
978 2546 1063 2613 diem

158 2674 263 2739 neque
281 2658 356 2739 post
369 2652 581 2716 calamitatem
596 2673 759 2717 versuram
774 2654 879 2719 facere
896 2654 1062 2737 potuisset,

158 2757 211 2821 ille
235 2778 269 2821 se
287 2757 478 2839 interposuit
492 2756 722 2840 pecuniamque
739 2757 806 2821 sine
823 2758 953 2822 faenore
977 2757 1062 2822 sine·

158 2881 220 2944 que
249 2860 315 2923 ulla
342 2859 546 2942 stipulatione
579 2858 714 2922 credidit
744 2861 919 2923 maximum
952 2860 1062 2924 existi·

158 2985 248 3029 mans
280 2969 446 3047 quaestum
477 2981 654 3026 memorem
687 2957 877 3049 gratumque
912 2963 1064 3046 cognosci

158 3068 314 3152 simulque
324 3087 488 3151 apparere,
499 3086 533 3130 se
544 3086 609 3129 non
624 3065 782 3148 fortunae,
805 3066 864 3132 sed
881 3066 1062 3131 hominibus

129 3171 263 3234 6solero
287 3189 356 3232 esse
380 3169 527 3232 amicum.
573 3166 663 3241 Quae
687 3190 759 3233 cum
780 3169 933 3254 faciebat,
964 3191 1061 3235 nemo

159 3293 233 3337 eum
260 3273 413 3356 temporis
443 3291 537 3336 eausa
564 3271 670 3337 facere
701 3278 829 3357 poterat
859 3273 1061 3338 existimare:

158 3379 279 3442 nemini
310 3377 395 3440 enim
425 3377 459 3440 in
490 3376 674 3457 opinionem
704 3376 854 3441 veniebat
884 3375 1062 3440 Antonium
