<?xml version="1.0" encoding="UTF-8"?>
<!DOCTYPE html PUBLIC "-//W3C//DTD XHTML 1.0 Transitional//EN"
    "http://www.w3.org/TR/xhtml1/DTD/xhtml1-transitional.dtd">
<html xmlns="http://www.w3.org/1999/xhtml" xml:lang="en" lang="en">
 <head>
  <title>
</title>
<meta http-equiv="Content-Type" content="text/html;charset=utf-8" />
  <meta name='ocr-system' content='tesseract 3.04.00' />
  <meta name='ocr-capabilities' content='ocr_page ocr_carea ocr_par ocr_line ocrx_word'/>
</head>
<body>
  <div class='ocr_page' id='page_1' title='image "./corneliinepotis15nepogoog_0018.png"; bbox 0 0 2400 3848; ppageno 0'>
   <div class='ocr_carea' id='block_1_1' title="bbox 459 247 1028 307">
    <p class='ocr_par' dir='ltr' id='par_1_1' title="bbox 459 247 1028 307">
     <span class='ocr_line' id='line_1_1' title="bbox 459 247 1028 307; baseline -0.004 -18"><span class='ocrx_word' id='word_1_1' title='bbox 459 251 476 289; x_wconf 88' lang='lat'>1.</span> <span class='ocrx_word' id='word_1_2' title='bbox 496 249 701 307; x_wconf 68' lang='lat' dir='ltr'>murriones.</span> <span class='ocrx_word' id='word_1_3' title='bbox 1011 247 1028 301; x_wconf 87' lang='lat'>5</span> 
     </span>
    </p>
   </div>
   <div class='ocr_carea' id='block_1_2' title="bbox 128 396 1164 3468">
    <p class='ocr_par' dir='ltr' id='par_1_2' title="bbox 128 396 1164 1306">
     <span class='ocr_line' id='line_1_2' title="bbox 129 396 1062 478; baseline 0.001 -19"><span class='ocrx_word' id='word_1_4' title='bbox 129 396 201 477; x_wconf 90' lang='lat' dir='ltr'>Hic,</span> <span class='ocrx_word' id='word_1_5' title='bbox 225 416 297 459; x_wconf 89' lang='lat' dir='ltr'>eum</span> <span class='ocrx_word' id='word_1_6' title='bbox 312 396 415 460; x_wconf 77' lang='lat' dir='ltr'>crebri</span> <span class='ocrx_word' id='word_1_7' title='bbox 430 396 591 462; x_wconf 80' lang='lat' dir='ltr'><strong>adferrent</strong></span> <span class='ocrx_word' id='word_1_8' title='bbox 605 398 708 461; x_wconf 92' lang='lat' dir='ltr'>nuntii</span> <span class='ocrx_word' id='word_1_9' title='bbox 725 397 808 461; x_wconf 91' lang='lat' dir='ltr'>male</span> <span class='ocrx_word' id='word_1_10' title='bbox 831 417 900 460; x_wconf 91' lang='lat' dir='ltr'>rem</span> <span class='ocrx_word' id='word_1_11' title='bbox 915 415 1029 478; x_wconf 82' lang='lat' dir='ltr'>gerere</span> <span class='ocrx_word' id='word_1_12' title='bbox 1043 406 1062 460; x_wconf 79' lang='lat' dir='ltr'>&#39;s</span> 
     </span>
     <span class='ocr_line' id='line_1_3' title="bbox 128 500 1030 587; baseline -0.001 -23"><span class='ocrx_word' id='word_1_13' title='bbox 128 500 263 564; x_wconf 89' lang='lat' dir='ltr'>Darium</span> <span class='ocrx_word' id='word_1_14' title='bbox 284 501 449 585; x_wconf 84' lang='lat' dir='ltr'>premique</span> <span class='ocrx_word' id='word_1_15' title='bbox 474 523 493 565; x_wconf 89' lang='lat' dir='ltr'>a</span> <span class='ocrx_word' id='word_1_16' title='bbox 515 502 648 587; x_wconf 80' lang='lat' dir='ltr'>Scythis,</span> <span class='ocrx_word' id='word_1_17' title='bbox 680 502 824 566; x_wconf 89' lang='lat' dir='ltr'>hortatus</span> <span class='ocrx_word' id='word_1_18' title='bbox 853 506 903 565; x_wconf 90' lang='lat' dir='ltr'>est</span> <span class='ocrx_word' id='word_1_19' title='bbox 924 500 1030 584; x_wconf 91' lang='lat' dir='ltr'>pontis</span> 
     </span>
     <span class='ocr_line' id='line_1_4' title="bbox 130 602 1029 685; baseline 0.001 -19"><span class='ocrx_word' id='word_1_20' title='bbox 130 602 294 685; x_wconf 78' lang='lat' dir='ltr'>custodes,</span> <span class='ocrx_word' id='word_1_21' title='bbox 325 625 366 667; x_wconf 91' lang='lat' dir='ltr'>ne</span> <span class='ocrx_word' id='word_1_22' title='bbox 399 624 418 666; x_wconf 90' lang='lat' dir='ltr'>a</span> <span class='ocrx_word' id='word_1_23' title='bbox 444 603 572 668; x_wconf 88' lang='lat' dir='ltr'>fortuna</span> <span class='ocrx_word' id='word_1_24' title='bbox 594 605 700 669; x_wconf 89' lang='lat' dir='ltr'>datam</span> <span class='ocrx_word' id='word_1_25' title='bbox 720 604 921 668; x_wconf 77' lang='lat' dir='ltr'>occasionem</span> <span class='ocrx_word' id='word_1_26' title='bbox 949 602 1029 667; x_wconf 86' lang='lat' dir='ltr'>libc-</span> 
     </span>
     <span class='ocr_line' id='line_1_5' title="bbox 129 706 1064 773; baseline -0.003 -3"><span class='ocrx_word' id='word_1_27' title='bbox 129 707 247 771; x_wconf 90' lang='lat' dir='ltr'>randae</span> <span class='ocrx_word' id='word_1_28' title='bbox 278 706 429 772; x_wconf 79' lang='lat' dir='ltr'>Graeciae</span> <span class='ocrx_word' id='word_1_29' title='bbox 465 707 672 773; x_wconf 81' lang='lat' dir='ltr'>dimitterent.</span> <span class='ocrx_word' id='word_1_30' title='bbox 717 707 801 772; x_wconf 87' lang='lat' dir='ltr'>Nam</span> <span class='ocrx_word' id='word_1_31' title='bbox 832 708 858 770; x_wconf 92' lang='lat' dir='ltr'>si</span> <span class='ocrx_word' id='word_1_32' title='bbox 889 727 961 770; x_wconf 89' lang='lat' dir='ltr'>cum</span> <span class='ocrx_word' id='word_1_33' title='bbox 991 706 1064 769; x_wconf 74' lang='lat' dir='ltr'>iiss</span> 
     </span>
     <span class='ocr_line' id='line_1_6' title="bbox 130 808 1030 897; baseline -0.002 -24"><span class='ocrx_word' id='word_1_34' title='bbox 130 811 239 895; x_wconf 90' lang='lat' dir='ltr'>copiis,</span> <span class='ocrx_word' id='word_1_35' title='bbox 256 832 333 896; x_wconf 88' lang='lat' dir='ltr'>quas</span> <span class='ocrx_word' id='word_1_36' title='bbox 348 833 456 875; x_wconf 90' lang='lat' dir='ltr'>secum</span> <span class='ocrx_word' id='word_1_37' title='bbox 465 816 703 897; x_wconf 87' lang='lat' dir='ltr'>transportaret,</span> <span class='ocrx_word' id='word_1_38' title='bbox 719 810 891 874; x_wconf 84' lang='lat' dir='ltr'>interiisset</span> <span class='ocrx_word' id='word_1_39' title='bbox 902 808 1030 890; x_wconf 87' lang='lat' dir='ltr'>Darius,</span> 
     </span>
     <span class='ocr_line' id='line_1_7' title="bbox 129 913 1030 998; baseline -0.002 -22"><span class='ocrx_word' id='word_1_40' title='bbox 129 934 194 977; x_wconf 94' lang='lat' dir='ltr'>non</span> <span class='ocrx_word' id='word_1_41' title='bbox 216 915 319 978; x_wconf 93' lang='lat' dir='ltr'>solum</span> <span class='ocrx_word' id='word_1_42' title='bbox 338 914 504 998; x_wconf 85' lang='lat' dir='ltr'>Europam</span> <span class='ocrx_word' id='word_1_43' title='bbox 526 914 595 979; x_wconf 87' lang='lat' dir='ltr'>fore</span> <span class='ocrx_word' id='word_1_44' title='bbox 618 919 730 995; x_wconf 88' lang='lat' dir='ltr'>tutam,</span> <span class='ocrx_word' id='word_1_45' title='bbox 762 913 820 977; x_wconf 92' lang='lat' dir='ltr'>sed</span> <span class='ocrx_word' id='word_1_46' title='bbox 843 913 939 976; x_wconf 89' lang='lat' dir='ltr'>etiam</span> <span class='ocrx_word' id='word_1_47' title='bbox 963 931 1030 994; x_wconf 90' lang='lat' dir='ltr'>eos,</span> 
     </span>
     <span class='ocr_line' id='line_1_8' title="bbox 130 1015 1164 1100; baseline 0 -22"><span class='ocrx_word' id='word_1_48' title='bbox 130 1017 182 1100; x_wconf 90' lang='lat' dir='ltr'>qui</span> <span class='ocrx_word' id='word_1_49' title='bbox 218 1015 324 1079; x_wconf 78' lang='lat' dir='ltr'>Asiam</span> <span class='ocrx_word' id='word_1_50' title='bbox 353 1016 532 1081; x_wconf 89' lang='lat' dir='ltr'>incolerent</span> <span class='ocrx_word' id='word_1_51' title='bbox 562 1016 677 1081; x_wconf 80' lang='lat' dir='ltr'>Graeci</span> <span class='ocrx_word' id='word_1_52' title='bbox 704 1037 840 1100; x_wconf 86' lang='lat' dir='ltr'>genere,</span> <span class='ocrx_word' id='word_1_53' title='bbox 870 1015 1031 1079; x_wconf 75' lang='lat' dir='ltr'>liberos&#39;a</span> <span class='ocrx_word' id='word_1_54' title='bbox 1072 1037 1164 1055; x_wconf 40' lang='grc' dir='ltr'>Α*</span> 
     </span>
     <span class='ocr_line' id='line_1_9' title="bbox 129 1093 1031 1203; baseline -0.004 -19"><span class='ocrx_word' id='word_1_55' title='bbox 129 1119 298 1184; x_wconf 86' lang='lat' dir='ltr'>Persarum</span> <span class='ocrx_word' id='word_1_56' title='bbox 329 1119 451 1182; x_wconf 81' lang='lat' dir='ltr'>fuhrrcs</span> <span class='ocrx_word' id='word_1_57' title='bbox 486 1118 703 1183; x_wconf 90' lang='lat' dir='ltr'>dominatione</span> <span class='ocrx_word' id='word_1_58' title='bbox 737 1124 771 1182; x_wconf 91' lang='lat' dir='ltr'>et</span> <span class='ocrx_word' id='word_1_59' title='bbox 800 1093 960 1203; x_wconf 76' lang='lat' dir='ltr'>pericul03</span> <span class='ocrx_word' id='word_1_60' title='bbox 997 1116 1031 1180; x_wconf 93' lang='lat' dir='ltr'>id</span> 
     </span>
     <span class='ocr_line' id='line_1_10' title="bbox 129 1220 1031 1306; baseline -0.002 -21"><span class='ocrx_word' id='word_1_61' title='bbox 129 1222 222 1286; x_wconf 86' lang='lat' dir='ltr'>facile</span> <span class='ocrx_word' id='word_1_62' title='bbox 250 1221 332 1286; x_wconf 85' lang='lat' dir='ltr'>effici</span> <span class='ocrx_word' id='word_1_63' title='bbox 363 1241 473 1305; x_wconf 91' lang='lat' dir='ltr'>posse:</span> <span class='ocrx_word' id='word_1_64' title='bbox 505 1227 605 1306; x_wconf 95' lang='lat' dir='ltr'>ponte</span> <span class='ocrx_word' id='word_1_65' title='bbox 638 1222 723 1285; x_wconf 92' lang='lat' dir='ltr'>enim</span> <span class='ocrx_word' id='word_1_66' title='bbox 754 1220 888 1284; x_wconf 90' lang='lat' dir='ltr'>rescisso</span> <span class='ocrx_word' id='word_1_67' title='bbox 919 1241 1031 1304; x_wconf 89' lang='lat' dir='ltr'>regem</span> 
     </span>
    </p>

    <p class='ocr_par' dir='ltr' id='par_1_3' title="bbox 129 1323 1067 2645">
     <span class='ocr_line' id='line_1_11' title="bbox 129 1323 1031 1409; baseline -0.001 -20"><span class='ocrx_word' id='word_1_68' title='bbox 129 1326 182 1390; x_wconf 87' lang='lat' dir='ltr'>vel</span> <span class='ocrx_word' id='word_1_69' title='bbox 204 1325 343 1388; x_wconf 90' lang='lat' dir='ltr'>hostium</span> <span class='ocrx_word' id='word_1_70' title='bbox 371 1324 455 1389; x_wconf 80' lang='lat' dir='ltr'>ferro</span> <span class='ocrx_word' id='word_1_71' title='bbox 486 1326 538 1389; x_wconf 85' lang='lat' dir='ltr'>vel</span> <span class='ocrx_word' id='word_1_72' title='bbox 566 1326 675 1409; x_wconf 90' lang='lat' dir='ltr'>inopia</span> <span class='ocrx_word' id='word_1_73' title='bbox 703 1324 812 1409; x_wconf 91' lang='lat' dir='ltr'>paucis</span> <span class='ocrx_word' id='word_1_74' title='bbox 843 1323 953 1388; x_wconf 88' lang='lat' dir='ltr'>diebus</span> <span class='ocrx_word' id='word_1_75' title='bbox 983 1325 1031 1388; x_wconf 90' lang='lat' dir='ltr'>in·</span> 
     </span>
     <span class='ocr_line' id='line_1_12' title="bbox 129 1426 1066 1511; baseline 0 -21"><span class='ocrx_word' id='word_1_76' title='bbox 129 1429 306 1492; x_wconf 90' lang='lat' dir='ltr'>teriturum.</span> <span class='ocrx_word' id='word_1_77' title='bbox 351 1427 405 1490; x_wconf 93' lang='lat' dir='ltr'>Ad</span> <span class='ocrx_word' id='word_1_78' title='bbox 435 1426 497 1490; x_wconf 90' lang='lat' dir='ltr'>hoc</span> <span class='ocrx_word' id='word_1_79' title='bbox 521 1428 686 1492; x_wconf 90' lang='lat' dir='ltr'>consilium</span> <span class='ocrx_word' id='word_1_80' title='bbox 718 1427 956 1511; x_wconf 80' lang='lat' dir='ltr'>complerique</span> <span class='ocrx_word' id='word_1_81' title='bbox 980 1447 1066 1490; x_wconf 84' lang='lat' dir='ltr'>ac·s</span> 
     </span>
     <span class='ocr_line' id='line_1_13' title="bbox 130 1530 1031 1613; baseline -0.002 -17"><span class='ocrx_word' id='word_1_82' title='bbox 130 1530 291 1613; x_wconf 83' lang='lat' dir='ltr'>cederent,</span> <span class='ocrx_word' id='word_1_83' title='bbox 314 1531 477 1595; x_wconf 87' lang='lat' dir='ltr'>Histiaeus</span> <span class='ocrx_word' id='word_1_84' title='bbox 499 1531 653 1613; x_wconf 89' lang='lat' dir='ltr'>Milesius,</span> <span class='ocrx_word' id='word_1_85' title='bbox 675 1552 716 1594; x_wconf 90' lang='lat' dir='ltr'>ne</span> <span class='ocrx_word' id='word_1_86' title='bbox 740 1552 791 1595; x_wconf 89' lang='lat' dir='ltr'>res</span> <span class='ocrx_word' id='word_1_87' title='bbox 814 1530 1031 1610; x_wconf 88' lang='lat' dir='ltr'>conficeretur,</span> 
     </span>
     <span class='ocr_line' id='line_1_14' title="bbox 131 1633 1032 1718; baseline -0.002 -20"><span class='ocrx_word' id='word_1_88' title='bbox 131 1635 252 1698; x_wconf 91' lang='lat' dir='ltr'>obstitit</span> <span class='ocrx_word' id='word_1_89' title='bbox 290 1633 398 1699; x_wconf 91' lang='lat' dir='ltr'>dicens</span> <span class='ocrx_word' id='word_1_90' title='bbox 438 1655 504 1698; x_wconf 91' lang='lat' dir='ltr'>non</span> <span class='ocrx_word' id='word_1_91' title='bbox 540 1633 627 1698; x_wconf 91' lang='lat' dir='ltr'>idem</span> <span class='ocrx_word' id='word_1_92' title='bbox 664 1633 759 1717; x_wconf 92' lang='lat' dir='ltr'>ipsis,</span> <span class='ocrx_word' id='word_1_93' title='bbox 804 1633 857 1718; x_wconf 91' lang='lat' dir='ltr'>qui</span> <span class='ocrx_word' id='word_1_94' title='bbox 894 1654 1032 1696; x_wconf 90' lang='lat' dir='ltr'>summas</span> 
     </span>
     <span class='ocr_line' id='line_1_15' title="bbox 129 1735 1032 1821; baseline -0.002 -21"><span class='ocrx_word' id='word_1_95' title='bbox 129 1738 255 1821; x_wconf 90' lang='lat' dir='ltr'>imperii</span> <span class='ocrx_word' id='word_1_96' title='bbox 277 1743 444 1820; x_wconf 91' lang='lat' dir='ltr'>tenerent,</span> <span class='ocrx_word' id='word_1_97' title='bbox 467 1737 621 1821; x_wconf 85' lang='lat' dir='ltr'>expedire</span> <span class='ocrx_word' id='word_1_98' title='bbox 646 1742 679 1800; x_wconf 93' lang='lat' dir='ltr'>et</span> <span class='ocrx_word' id='word_1_99' title='bbox 700 1735 913 1817; x_wconf 87' lang='lat' dir='ltr'>multitudini,</span> <span class='ocrx_word' id='word_1_100' title='bbox 946 1735 1032 1820; x_wconf 93' lang='lat' dir='ltr'>quod</span> 
     </span>
     <span class='ocr_line' id='line_1_16' title="bbox 130 1839 1031 1924; baseline -0.001 -21"><span class='ocrx_word' id='word_1_101' title='bbox 130 1840 221 1904; x_wconf 90' lang='lat' dir='ltr'>Darii</span> <span class='ocrx_word' id='word_1_102' title='bbox 251 1860 351 1923; x_wconf 90' lang='lat' dir='ltr'>regno</span> <span class='ocrx_word' id='word_1_103' title='bbox 386 1841 527 1924; x_wconf 88' lang='lat' dir='ltr'>ipsorum</span> <span class='ocrx_word' id='word_1_104' title='bbox 558 1840 713 1904; x_wconf 88' lang='lat' dir='ltr'>niteretur</span> <span class='ocrx_word' id='word_1_105' title='bbox 745 1839 936 1903; x_wconf 86' lang='lat' dir='ltr'>dominatio:</span> <span class='ocrx_word' id='word_1_106' title='bbox 969 1859 1031 1923; x_wconf 92' lang='lat' dir='ltr'>quo</span> 
     </span>
     <span class='ocr_line' id='line_1_17' title="bbox 131 1942 1032 2026; baseline 0 -20"><span class='ocrx_word' id='word_1_107' title='bbox 131 1943 288 2006; x_wconf 88' lang='lat' dir='ltr'>exstineto</span> <span class='ocrx_word' id='word_1_108' title='bbox 320 1942 406 2025; x_wconf 92' lang='lat' dir='ltr'>ipsos</span> <span class='ocrx_word' id='word_1_109' title='bbox 437 1947 597 2025; x_wconf 89' lang='lat' dir='ltr'>potestate</span> <span class='ocrx_word' id='word_1_110' title='bbox 631 1943 783 2026; x_wconf 76' lang='lat' dir='ltr'>expulsos</span> <span class='ocrx_word' id='word_1_111' title='bbox 817 1943 937 2007; x_wconf 84' lang='lat' dir='ltr'>civibus</span> <span class='ocrx_word' id='word_1_112' title='bbox 969 1943 1032 2006; x_wconf 92' lang='lat' dir='ltr'>suis</span> 
     </span>
     <span class='ocr_line' id='line_1_18' title="bbox 131 2043 1034 2129; baseline -0.001 -21"><span class='ocrx_word' id='word_1_113' title='bbox 131 2065 252 2128; x_wconf 89' lang='lat' dir='ltr'>poenas</span> <span class='ocrx_word' id='word_1_114' title='bbox 290 2043 428 2107; x_wconf 76' lang='lat' dir='ltr'>datnos.</span> <span class='ocrx_word' id='word_1_115' title='bbox 478 2043 594 2129; x_wconf 44' lang='lat' dir='ltr'>wItaque</span> <span class='ocrx_word' id='word_1_116' title='bbox 629 2044 711 2108; x_wconf 90' lang='lat' dir='ltr'>adeo</span> <span class='ocrx_word' id='word_1_117' title='bbox 744 2065 779 2108; x_wconf 92' lang='lat' dir='ltr'>se</span> <span class='ocrx_word' id='word_1_118' title='bbox 811 2044 983 2109; x_wconf 87' lang='lat' dir='ltr'>abhorrere</span> <span class='ocrx_word' id='word_1_119' title='bbox 1015 2066 1034 2107; x_wconf 92' lang='lat' dir='ltr'>a</span> 
     </span>
     <span class='ocr_line' id='line_1_19' title="bbox 131 2145 1034 2230; baseline 0.001 -20"><span class='ocrx_word' id='word_1_120' title='bbox 131 2153 312 2212; x_wconf 90' lang='lat' dir='ltr'>ceterorum</span> <span class='ocrx_word' id='word_1_121' title='bbox 344 2145 492 2228; x_wconf 90' lang='lat' dir='ltr'>consilio,</span> <span class='ocrx_word' id='word_1_122' title='bbox 521 2151 557 2208; x_wconf 92' lang='lat' dir='ltr'>ut</span> <span class='ocrx_word' id='word_1_123' title='bbox 586 2147 666 2210; x_wconf 89' lang='lat' dir='ltr'>nihil</span> <span class='ocrx_word' id='word_1_124' title='bbox 684 2151 811 2230; x_wconf 88' lang='lat' dir='ltr'>putaret</span> <span class='ocrx_word' id='word_1_125' title='bbox 833 2145 910 2228; x_wconf 91' lang='lat' dir='ltr'>ipsis</span> <span class='ocrx_word' id='word_1_126' title='bbox 926 2148 1034 2212; x_wconf 91' lang='lat' dir='ltr'>utilius</span> 
     </span>
     <span class='ocr_line' id='line_1_20' title="bbox 131 2249 1067 2335; baseline 0.003 -22"><span class='ocrx_word' id='word_1_127' title='bbox 131 2271 226 2335; x_wconf 89' lang='lat' dir='ltr'>quam</span> <span class='ocrx_word' id='word_1_128' title='bbox 249 2249 427 2313; x_wconf 89' lang='lat' dir='ltr'>confirmari</span> <span class='ocrx_word' id='word_1_129' title='bbox 453 2269 588 2332; x_wconf 89' lang='lat' dir='ltr'>regnum</span> <span class='ocrx_word' id='word_1_130' title='bbox 610 2249 789 2313; x_wconf 89' lang='lat' dir='ltr'>Persarum.</span> <span class='ocrx_word' id='word_1_131' title='bbox 834 2249 938 2313; x_wconf 90' lang='lat' dir='ltr'>Huius</span> <span class='ocrx_word' id='word_1_132' title='bbox 962 2271 1067 2316; x_wconf 82' lang='lat' dir='ltr'>cums</span> 
     </span>
     <span class='ocr_line' id='line_1_21' title="bbox 130 2351 1034 2436; baseline 0.003 -20"><span class='ocrx_word' id='word_1_133' title='bbox 130 2352 321 2416; x_wconf 91' lang='lat' dir='ltr'>sententiam</span> <span class='ocrx_word' id='word_1_134' title='bbox 348 2351 476 2436; x_wconf 90' lang='lat' dir='ltr'>plurimi</span> <span class='ocrx_word' id='word_1_135' title='bbox 505 2357 613 2416; x_wconf 88' lang='lat' dir='ltr'>essent</span> <span class='ocrx_word' id='word_1_136' title='bbox 634 2353 750 2435; x_wconf 90' lang='lat' dir='ltr'>secuti,</span> <span class='ocrx_word' id='word_1_137' title='bbox 779 2353 940 2419; x_wconf 89' lang='lat' dir='ltr'>Miltiades</span> <span class='ocrx_word' id='word_1_138' title='bbox 968 2376 1034 2420; x_wconf 91' lang='lat' dir='ltr'>non</span> 
     </span>
     <span class='ocr_line' id='line_1_22' title="bbox 132 2454 1033 2541; baseline 0.004 -23"><span class='ocrx_word' id='word_1_139' title='bbox 132 2455 278 2519; x_wconf 91' lang='lat' dir='ltr'>dubitans</span> <span class='ocrx_word' id='word_1_140' title='bbox 315 2460 380 2518; x_wconf 89' lang='lat' dir='ltr'>tam</span> <span class='ocrx_word' id='word_1_141' title='bbox 423 2454 531 2518; x_wconf 87' lang='lat' dir='ltr'>multis</span> <span class='ocrx_word' id='word_1_142' title='bbox 569 2456 703 2520; x_wconf 88' lang='lat' dir='ltr'>consciis</span> <span class='ocrx_word' id='word_1_143' title='bbox 741 2457 782 2520; x_wconf 89' lang='lat' dir='ltr'>ad</span> <span class='ocrx_word' id='word_1_144' title='bbox 819 2458 903 2541; x_wconf 86' lang='lat' dir='ltr'>regis</span> <span class='ocrx_word' id='word_1_145' title='bbox 941 2479 1033 2523; x_wconf 90' lang='lat' dir='ltr'>aures</span> 
     </span>
     <span class='ocr_line' id='line_1_23' title="bbox 131 2558 1034 2645; baseline 0.003 -24"><span class='ocrx_word' id='word_1_146' title='bbox 131 2558 263 2625; x_wconf 90' lang='lat' dir='ltr'>consilia</span> <span class='ocrx_word' id='word_1_147' title='bbox 302 2578 358 2622; x_wconf 90' lang='lat' dir='ltr'>sua</span> <span class='ocrx_word' id='word_1_148' title='bbox 400 2565 594 2642; x_wconf 86' lang='lat' dir='ltr'>perventura</span> <span class='ocrx_word' id='word_1_149' title='bbox 631 2558 867 2624; x_wconf 78' lang='lat' dir='ltr'>Chersonesum</span> <span class='ocrx_word' id='word_1_150' title='bbox 905 2561 1034 2645; x_wconf 90' lang='lat' dir='ltr'>reliquit</span> 
     </span>
    </p>

    <p class='ocr_par' dir='ltr' id='par_1_4' title="bbox 130 2660 1124 3050">
     <span class='ocr_line' id='line_1_24' title="bbox 130 2660 1035 2744; baseline 0.002 -20"><span class='ocrx_word' id='word_1_151' title='bbox 130 2682 168 2725; x_wconf 91' lang='lat' dir='ltr'>ac</span> <span class='ocrx_word' id='word_1_152' title='bbox 198 2682 306 2724; x_wconf 90' lang='lat' dir='ltr'>rursus</span> <span class='ocrx_word' id='word_1_153' title='bbox 328 2660 473 2725; x_wconf 86' lang='lat' dir='ltr'>Athenas</span> <span class='ocrx_word' id='word_1_154' title='bbox 497 2660 697 2744; x_wconf 84' lang='lat' dir='ltr'>demigravit.</span> <span class='ocrx_word' id='word_1_155' title='bbox 744 2661 841 2726; x_wconf 77' lang='lat' dir='ltr'>Cuius</span> <span class='ocrx_word' id='word_1_156' title='bbox 862 2663 943 2726; x_wconf 91' lang='lat' dir='ltr'>ratio</span> <span class='ocrx_word' id='word_1_157' title='bbox 974 2665 1035 2727; x_wconf 89' lang='lat' dir='ltr'>etsi</span> 
     </span>
     <span class='ocr_line' id='line_1_25' title="bbox 132 2764 1034 2848; baseline 0.002 -22"><span class='ocrx_word' id='word_1_158' title='bbox 132 2783 195 2826; x_wconf 91' lang='lat' dir='ltr'>non</span> <span class='ocrx_word' id='word_1_159' title='bbox 232 2764 349 2845; x_wconf 83' lang='lat' dir='ltr'>valuit,</span> <span class='ocrx_word' id='word_1_160' title='bbox 395 2769 504 2826; x_wconf 91' lang='lat' dir='ltr'>tamen</span> <span class='ocrx_word' id='word_1_161' title='bbox 541 2785 737 2848; x_wconf 84' lang='lat' dir='ltr'>magnopere</span> <span class='ocrx_word' id='word_1_162' title='bbox 779 2770 827 2828; x_wconf 91' lang='lat' dir='ltr'>est</span> <span class='ocrx_word' id='word_1_163' title='bbox 864 2764 1034 2846; x_wconf 89' lang='lat' dir='ltr'>laudanda,</span> 
     </span>
     <span class='ocr_line' id='line_1_26' title="bbox 133 2867 1124 2952; baseline 0.001 -23"><span class='ocrx_word' id='word_1_164' title='bbox 133 2887 205 2929; x_wconf 88' lang='lat' dir='ltr'>eum</span> <span class='ocrx_word' id='word_1_165' title='bbox 233 2868 364 2931; x_wconf 91' lang='lat' dir='ltr'>amicior</span> <span class='ocrx_word' id='word_1_166' title='bbox 387 2867 528 2930; x_wconf 91' lang='lat' dir='ltr'>omnium</span> <span class='ocrx_word' id='word_1_167' title='bbox 557 2867 697 2932; x_wconf 90' lang='lat' dir='ltr'>libertati</span> <span class='ocrx_word' id='word_1_168' title='bbox 721 2888 815 2952; x_wconf 89' lang='lat' dir='ltr'>quam</span> <span class='ocrx_word' id='word_1_169' title='bbox 842 2887 918 2931; x_wconf 89' lang='lat' dir='ltr'>suae</span> <span class='ocrx_word' id='word_1_170' title='bbox 941 2867 1060 2931; x_wconf 80' lang='lat' dir='ltr'>luerit·</span> <span class='ocrx_word' id='word_1_171' title='bbox 1119 2939 1124 2943; x_wconf 16' lang='grc' dir='ltr'><strong>μ</strong></span> 
     </span>
     <span class='ocr_line' id='line_1_27' title="bbox 134 2970 354 3050; baseline 0.009 -17"><span class='ocrx_word' id='word_1_172' title='bbox 134 2970 354 3050; x_wconf 89' lang='lat' dir='ltr'>dominationi.</span> 
     </span>
    </p>

    <p class='ocr_par' dir='ltr' id='par_1_5' title="bbox 133 3070 1107 3468">
     <span class='ocr_line' id='line_1_28' title="bbox 197 3070 1107 3160; baseline 0.002 -24"><span class='ocrx_word' id='word_1_173' title='bbox 197 3072 255 3136; x_wconf 86' lang='lat' dir='ltr'>IV.</span> <span class='ocrx_word' id='word_1_174' title='bbox 285 3074 402 3138; x_wconf 88' lang='lat' dir='ltr'>Darius</span> <span class='ocrx_word' id='word_1_175' title='bbox 425 3081 542 3157; x_wconf 90' lang='lat' dir='ltr'>autem,</span> <span class='ocrx_word' id='word_1_176' title='bbox 567 3095 639 3138; x_wconf 89' lang='lat' dir='ltr'>cum</span> <span class='ocrx_word' id='word_1_177' title='bbox 661 3096 704 3138; x_wconf 89' lang='lat' dir='ltr'>ex</span> <span class='ocrx_word' id='word_1_178' title='bbox 718 3073 849 3156; x_wconf 85' lang='lat' dir='ltr'>Europa</span> <span class='ocrx_word' id='word_1_179' title='bbox 870 3073 903 3135; x_wconf 92' lang='lat' dir='ltr'>in</span> <span class='ocrx_word' id='word_1_180' title='bbox 924 3070 1035 3135; x_wconf 86' lang='lat' dir='ltr'>Asiam</span> <span class='ocrx_word' id='word_1_181' title='bbox 1058 3101 1069 3138; x_wconf 91' lang='lat'>1</span> <span class='ocrx_word' id='word_1_182' title='bbox 1105 3156 1107 3160; x_wconf 19' lang='grc' dir='ltr'>ι</span> 
     </span>
     <span class='ocr_line' id='line_1_29' title="bbox 133 3174 1035 3258; baseline -0.002 -20"><span class='ocrx_word' id='word_1_183' title='bbox 133 3175 284 3258; x_wconf 90' lang='lat' dir='ltr'>redisset,</span> <span class='ocrx_word' id='word_1_184' title='bbox 316 3175 514 3242; x_wconf 90' lang='lat' dir='ltr'>hortantibus</span> <span class='ocrx_word' id='word_1_185' title='bbox 543 3177 669 3258; x_wconf 89' lang='lat' dir='ltr'>amieis,</span> <span class='ocrx_word' id='word_1_186' title='bbox 697 3182 732 3238; x_wconf 92' lang='lat' dir='ltr'>ut</span> <span class='ocrx_word' id='word_1_187' title='bbox 756 3174 924 3238; x_wconf 81' lang='lat' dir='ltr'>Graeciam</span> <span class='ocrx_word' id='word_1_188' title='bbox 951 3174 1035 3237; x_wconf 89' lang='lat' dir='ltr'>redi-</span> 
     </span>
     <span class='ocr_line' id='line_1_30' title="bbox 133 3277 1036 3363; baseline -0.006 -20"><span class='ocrx_word' id='word_1_189' title='bbox 133 3285 225 3362; x_wconf 90' lang='lat' dir='ltr'>geret</span> <span class='ocrx_word' id='word_1_190' title='bbox 247 3280 280 3342; x_wconf 91' lang='lat' dir='ltr'>in</span> <span class='ocrx_word' id='word_1_191' title='bbox 302 3300 392 3342; x_wconf 91' lang='lat' dir='ltr'>suam</span> <span class='ocrx_word' id='word_1_192' title='bbox 413 3284 616 3363; x_wconf 87' lang='lat' dir='ltr'>potestatem,</span> <span class='ocrx_word' id='word_1_193' title='bbox 640 3279 773 3342; x_wconf 85' lang='lat' dir='ltr'>classem</span> <span class='ocrx_word' id='word_1_194' title='bbox 793 3277 1036 3361; x_wconf 87' lang='lat' dir='ltr'>quingentarum</span> 
     </span>
     <span class='ocr_line' id='line_1_31' title="bbox 134 3379 1035 3468; baseline -0.004 -23"><span class='ocrx_word' id='word_1_195' title='bbox 134 3383 262 3468; x_wconf 80' lang='lat' dir='ltr'>narium</span> <span class='ocrx_word' id='word_1_196' title='bbox 278 3383 473 3467; x_wconf 83' lang='lat' dir='ltr'>comparavit</span> <span class='ocrx_word' id='word_1_197' title='bbox 489 3383 582 3466; x_wconf 91' lang='lat' dir='ltr'>eique</span> <span class='ocrx_word' id='word_1_198' title='bbox 598 3382 707 3446; x_wconf 89' lang='lat' dir='ltr'>Datim</span> <span class='ocrx_word' id='word_1_199' title='bbox 722 3380 875 3466; x_wconf 88' lang='lat' dir='ltr'>praefecit</span> <span class='ocrx_word' id='word_1_200' title='bbox 894 3385 926 3444; x_wconf 93' lang='lat' dir='ltr'>et</span> <span class='ocrx_word' id='word_1_201' title='bbox 941 3379 1035 3442; x_wconf 88' lang='lat' dir='ltr'>Arta-</span> 
     </span>
    </p>
   </div>
   <div class='ocr_carea' id='block_1_3' title="bbox 0 0 1209 3848">
    <p class='ocr_par' dir='ltr' id='par_1_6' title="bbox 0 0 1209 3848">
     <span class='ocr_line' id='line_1_32' title="bbox 0 0 1209 3848; baseline 0 0"><span class='ocrx_word' id='word_1_202' title='bbox 0 0 1209 3848; x_wconf 95' lang='lat' dir='ltr'> </span> 
     </span>
    </p>
   </div>
  </div>
 </body>
</html>
