2400 3848
439 243 686 284 11111111111111.
709 247 726 282 1.
981 242 1035 297 117

132 395 167 456 11
188 389 361 457 calliditate
392 412 502 456 omnes
533 392 565 455 in
587 390 698 455 Africa
719 396 811 455 natos
840 387 1036 473 praestitisse

133 500 225 559 const
244 500 268 560 t.

527 631 639 696 XXII.

445 764 718 840 HAMILCAR.

196 906 223 972 I.
246 907 470 991 Hamilcar,
493 909 742 974 Hannibalis
758 910 892 993 filius,
915 929 1070 994 cogno-1

131 1010 219 1074 mine
254 1011 376 1094 Barca,
412 1010 705 1097 Carthaginiensis,
743 1014 846 1098 primo
892 1013 1035 1079 Poenico

132 1113 235 1197 bello,
263 1115 322 1180 sed
343 1117 540 1202 temporibus
564 1119 731 1200 extremis,
760 1115 935 1182 admodum
957 1116 1036 1181 adu·

131 1218 326 1283 lescentulus
354 1220 387 1284 in
417 1221 525 1285 Sicilia
553 1242 703 1306 praeesse
736 1222 844 1307 coepit
871 1220 1036 1285 exercitui.

133 1321 215 1388 Cum
237 1330 311 1388 aute
341 1324 409 1389 eius
432 1325 604 1391 adventurn
627 1324 762 1391 otmari
791 1323 1071 1390 1111111111111

129 1447 183 1491 111
199 1434 388 1512 gererentur
404 1428 724 1513 Carthaginiensium,
747 1429 834 1512 ipse,
848 1426 903 1491 ubi
926 1424 1037 1509 adfuit,

130 1550 305 1616 numquam
326 1533 412 1596 hosti
433 1532 529 1597 cessit
545 1553 650 1617 neque
665 1532 772 1596 locum
787 1529 926 1596 nocendi
948 1528 1038 1594 dedit

132 1652 292 1719 saepeque
324 1655 341 1699 e
373 1635 531 1699 contrario
570 1635 737 1700 occasione
772 1635 847 1699 data
877 1633 1038 1699 lacessivit

131 1750 322 1824 semperque
351 1739 496 1823 superior
525 1738 678 1804 discessit.
724 1737 796 1813 Quo
827 1738 928 1821 facto,
964 1756 1038 1800 cum

130 1859 235 1926 paene
273 1842 380 1905 omnia
414 1841 448 1904 in
480 1841 587 1906 sicilia
615 1841 719 1906 Poeni
751 1842 945 1923 amisissent,
981 1839 1036 1905 ille

131 1943 270 2028 Erycem
291 1945 337 2008 111
360 1943 519 2028 defendit,
546 1952 582 2009 ut
610 1947 731 2011 bellum
753 1967 792 2011 11
815 1947 887 2010 1111
910 1950 1037 2029 gestum

130 2067 198 2112 non
233 2046 406 2113 videretur.
459 2047 591 2112 Interim
626 2048 906 2132 Carthaginienses
937 2048 1071 2116 classes

131 2149 219 2234 apud
239 2150 358 2215 insulas
380 2150 525 2235 Aegates
546 2172 567 2216 a
589 2151 626 2216 C.
648 2151 788 2234 Lutatio,
816 2151 945 2215 consule
968 2149 1036 2212 Ro·

130 2274 238 2338 mano,
261 2256 401 2338 superati
417 2260 596 2320 statuerunt
610 2255 688 2319 belli
709 2255 815 2319 facere
830 2254 926 2318 finem
950 2274 1036 2316 eam·

131 2376 193 2442 que
221 2379 291 2423 rem
321 2358 450 2422 arbitrio
480 2360 695 2443 permiserunt
721 2357 922 2421 Hamilcaris.
965 2355 1037 2438 Ille,

131 2461 192 2525 etsi
225 2460 380 2545 flagrabat
415 2461 558 2526 bellandi
595 2463 786 2547 cupiditate,
822 2466 930 2526 tamen
966 2460 1037 2543 paci

130 2562 338 2628 serviundum
374 2565 516 2648 putavit,
553 2564 640 2648 quod
676 2566 811 2650 patriam
849 2566 1037 2629 exhaustam

130 2667 307 2751 sumptibus
323 2665 441 2730 diutius
457 2667 654 2732 calamitates
667 2667 745 2732 belli
759 2667 843 2732 ferre
862 2689 927 2732 non
942 2688 1036 2752 posse

129 2769 356 2853 intellegebat,
386 2770 444 2835 sed
472 2771 532 2853 ita,
561 2777 598 2834 ut
625 2771 733 2835 statim
760 2776 867 2835 mente
891 2771 1070 2853 agitaret„
1101 2782 1104 2789 “

130 2874 157 2938 11
178 2875 309 2958 paulum
330 2873 428 2937 modo
451 2895 503 2939 res
527 2881 634 2939 essent
655 2874 811 2955 refectae,
843 2874 962 2938 bellum
983 2894 1034 2937 re-

129 2996 251 3041 novare
266 2975 494 3062 Romanosque
517 2979 613 3042 armis
627 2978 787 3063 persequi,
812 2975 960 3039 donicum
982 2982 1036 3040 aut

128 3079 248 3145 virtute
269 3080 421 3145 vicissent
442 3085 498 3145 aut
519 3081 594 3145 victi
616 3101 729 3145 manus
752 3079 924 3143 dedissent.
962 3079 1036 3142 Hoc
1057 3109 1070 3147 a

129 3183 263 3247 consilio
279 3203 393 3268 pacem
409 3184 605 3248 conciliavit:
629 3185 662 3247 in
684 3205 747 3269 quo
763 3188 852 3246 tanta
871 3183 929 3246 fuit
950 3183 1034 3247 fero·

129 3285 196 3369 cia,
226 3305 298 3349 cum
321 3284 453 3349 Catulus
475 3293 611 3369 negaret
631 3286 752 3351 bellum
775 3287 1035 3370 compositurum,

128 3388 191 3453 nisi
211 3388 267 3452 ille
289 3407 362 3453 cum
384 3389 463 3470 suis,
496 3388 550 3472 qui
572 3388 710 3473 Erycem
732 3393 917 3470 tenuerant,
939 3389 1035 3452 armis

820 3495 833 3540 7
842 3488 880 3522 aa
