2400 3848
462 219 540 258 XXIV.
560 217 640 258 CATO.
661 220 679 257 1.
693 219 711 257 2.

486 418 543 475 EX
561 418 682 476 LIBRO

226 549 582 634 CORNELII
632 547 944 632 NEPOTIS

314 719 374 785 on
396 718 572 784 narnus
595 715 854 782 Hrsroarcrs.

517 909 645 974 XXIV.

488 1040 516 1113 O
534 1042 569 1113 A
588 1042 618 1113 T
639 1042 680 1115 O.

195 1185 222 1250 Ι.
252 1186 295 1250 Μ.
320 1184 439 1266 Cata,
470 1190 581 1247 ortus
603 1183 825 1269 municipio
848 1184 1062 1268 Tuscdlc,1

131 1287 399 1370 adulescentulus,
420 1288 604 1372 priusquam
626 1286 801 1349 honoribus
825 1307 955 1370 operam
979 1288 1034 1352 da-

130 1399 195 1475 ret,
224 1397 368 1457 versatus
392 1397 440 1456 est
468 1392 501 1455 in
524 1391 663 1472 Sabinis,
692 1389 779 1475 quod
800 1391 845 1453 ibi
866 1391 1034 1456 heredium

129 1502 260 1580 epatre
283 1495 431 1559 relictum
453 1493 601 1558 habebat.
645 1493 727 1558 Inde
756 1494 886 1557 hortatu
907 1494 944 1559 L.
967 1494 1033 1560 Va-

128 1600 201 1663 lerii
215 1600 332 1681 Flacci,
356 1620 451 1683 quem
474 1600 507 1662 in
529 1600 697 1663 consulatu
713 1620 908 1684 censuraque
924 1599 1035 1665 habuit

129 1704 296 1787 collegam,
311 1708 347 1766 ut
362 1703 405 1768 M.
415 1704 586 1787 Perpenna
601 1703 763 1767 censorius
778 1724 907 1768 narrare
922 1706 1034 1769 solitus

131 1812 194 1889 est,
222 1805 361 1869 Romam
385 1805 577 1888 demigravit
595 1806 636 1868 in
659 1805 792 1891 foroque
823 1828 893 1871 esse
917 1809 1033 1892 coepit.

129 1909 273 1975 Primum
296 1909 490 1993 stipendium
512 1910 630 1973 meruit
652 1931 807 1973 annorum
826 1910 938 1975 decem
961 1934 1062 1997 sep-2

129 2019 268 2097 temque.
307 2012 345 2086 Q.
362 2013 462 2076 Fabio
479 2013 523 2076 M.
541 2011 675 2076 Olaudio
692 2013 874 2077 consulibus
889 2015 1034 2080 tribunus

130 2118 266 2181 militum
296 2117 329 2181 in
358 2116 465 2182 Sicilia
495 2117 565 2181 fuit.
610 2116 691 2180 Inde
723 2122 760 2180 ut
790 2117 901 2198 rediit,
933 2125 1036 2182 castra

130 2227 258 2285 secutus
288 2226 336 2285 est
365 2220 401 2284 O.
427 2220 554 2284 Claudii
575 2220 713 2285 Neronis
744 2221 913 2305 magnique
938 2242 1036 2304 opera

131 2324 198 2388 eius
222 2324 404 2388 existimata
426 2330 475 2388 est
497 2325 529 2388 in
551 2324 675 2410 proelio
700 2323 786 2407 apud
810 2323 941 2406 Senam,
971 2345 1034 2408 quo

130 2427 246 2491 cecidit
275 2427 475 2510 Hasdrdbal,
506 2428 605 2491 frater
632 2426 832 2490 Hannibalis.
878 2427 1060 2501 Quaestora

131 2529 247 2614 obtigit
274 2528 312 2593 P.
333 2528 486 2594 Africano
519 2530 658 2612 consuli,
689 2550 762 2593 cum
790 2550 852 2614 quo
882 2551 947 2594 non
975 2553 1033 2615 pro

130 2634 224 2696 sortis
246 2632 483 2697 necessitudine
505 2633 602 2696 vixit:
632 2653 770 2717 namque
792 2632 832 2696 ab
856 2654 895 2697 00
918 2655 1034 2718 perpe-

129 2741 185 2799 tua
208 2736 355 2799 dissensit
377 2737 452 2800 vita.
496 2735 621 2801 Aedilis
637 2737 738 2822 plebis
754 2736 854 2799 factus
884 2742 933 2799 est
964 2758 1036 2800 cum

130 2838 166 2903 Ο.
179 2838 308 2903 Helvio,
338 2839 474 2903 Praetor
488 2839 686 2922 provinciam
699 2839 836 2902 obtinuit
848 2839 1036 2921 Sardiniam,
1049 2865 1063 2928 44
1098 2916 1101 2925 Ι

130 2963 173 3007 ex
201 2963 264 3026 qua
294 2949 444 3024 quaestor
476 2943 641 3026 superiore
673 2948 819 3026 tempore
854 2963 897 3006 cx
926 2941 1036 3006 Africa

130 3044 291 3110 decedens
322 3044 359 3118 Q.
392 3044 532 3109 Ennium
561 3050 692 3131 poetam
725 3044 919 3126 deduxerat3
949 3045 1035 3129 quod

128 3167 193 3211 non
215 3147 346 3211 minoris
369 3149 573 3211 aestimamus
596 3169 691 3233 quam
709 3147 883 3230 quemlibet
906 3148 1033 3231 amplis-

129 3252 242 3315 simum
265 3250 503 3315 Sardiniensem
525 3251 731 3335 triumphum.

192 3354 237 3419 H.
270 3354 479 3418 Consulatum
498 3354 598 3437 gessit
621 3374 693 3417 cum
715 3352 753 3416 L.
768 3351 900 3416 Valerio
917 3353 1031 3417 Flacco
1051 3379 1063 3417 1
