2400 3848
192 215 228 271 66
512 213 571 253 xrv.
590 213 733 254 narsum
752 217 772 256 a

158 383 170 423 a
191 362 345 429 Datames
368 365 504 429 militare
528 386 641 429 munus
664 365 800 449 iungens
822 366 970 451 primum,
994 363 1103 450 qualis

192 473 285 549 esset,
309 469 434 553 aperuit
455 469 488 531 in
508 469 606 552 hello,
630 468 716 553 quod
737 489 797 533 rex
813 467 965 534 adversus
988 465 1100 531 Cadu-

193 571 256 635 sios
278 571 393 655 gessitr
425 593 563 657 namque
591 573 644 637 hio
666 572 774 657 magni
803 573 862 636 fuit
888 572 956 636 eius
987 590 1100 654 opera.

194 674 264 749 Quo
287 675 406 739 factum
429 681 487 759 est,
511 697 584 739 oum
598 677 631 740 in
647 697 685 742 eo
701 673 788 741 bello
805 676 973 740 cecidisset
988 673 1101 739 Cami-

193 798 289 859 sares,
311 783 446 862 paterna
468 779 498 843 ei
519 785 555 842 ut
576 778 757 844 traderetur
779 780 951 865 provincia.

159 899 170 938 1
256 880 300 944 Π.
330 881 404 944 Pari
420 903 454 945 se
469 882 586 946 virtute
600 888 715 967 postea
728 882 885 968 praebuit,
904 902 977 946 oum
990 881 1100 947 Auto-

192 985 366 1071 phrodates
400 986 487 1049 iussu
518 987 603 1068 regis
634 987 720 1050 bello
751 991 996 1071 persequeretur
1029 1006 1101 1070 eos,

193 1091 247 1174 qui
271 1089 461 1154 defecerant.
495 1090 643 1174 Namque
658 1089 751 1154 huius
769 1110 866 1175 opera
880 1089 999 1172 hostes,
1023 1110 1101 1154 oum

194 1199 296 1258 eastra
327 1194 392 1257 iam
423 1194 594 1277 intrassent
628 1194 736 1257 multis
769 1193 896 1256 milibus
932 1193 1100 1277 regiorum

192 1297 382 1379 interfectis,
413 1298 574 1381 profligati
602 1303 675 1361 sunt
705 1297 926 1381 exercitusque
955 1297 1101 1380 reliquus

195 1403 401 1460 conservatus
417 1401 480 1460 est:
504 1416 565 1479 qua
584 1417 626 1460 ex
645 1417 681 1460 re
697 1399 870 1461 maioribus
884 1398 980 1460 rebus
1002 1417 1098 1480 prae·

158 1519 265 1565 resse
296 1499 412 1583 eoepit.
456 1499 534 1562 Erat
558 1518 597 1561 eo
620 1503 767 1583 tempore
789 1499 915 1582 Thuys,
944 1498 1100 1582 dynastes

194 1601 443 1685 Paphlagoniae,
466 1603 595 1686 antiquo
611 1622 741 1687 genere,
766 1609 853 1668 ortus
869 1604 1102 1689 aPylaemltne

193 1706 266 1788 illo,
306 1725 401 1788 quem
432 1705 595 1769 Homerus
626 1706 742 1770 Troioo
779 1707 865 1771 bello
898 1728 918 1771 a
947 1708 1101 1774 Patroclo

160 1809 396 1874 sinterfeotum
424 1810 477 1873 ait.
521 1810 554 1874 Is
576 1811 644 1893 regi
668 1810 751 1874 dioto
776 1811 908 1876 audiens
929 1832 995 1877 non
1017 1819 1101 1877 erat.

195 1909 299 1984 Quam
322 1913 363 1976 ob
386 1933 514 1976 oausam
545 1912 630 1977 bello
661 1934 735 1978 eum
756 1915 906 1999 persequi
935 1915 1102 1981 constituit

195 2014 288 2098 eique
309 2016 356 2079 rei
369 2016 523 2100 praefecit
537 2017 707 2100 Datamen,
729 2018 943 2103 propinquum
957 2018 1100 2105 Paphla·

193 2119 302 2200 genis:
333 2141 470 2205 namque
500 2141 542 2184 ex
568 2121 665 2185 fratre
698 2125 731 2185 et
759 2142 869 2186 sorore
900 2128 990 2187 erant
1020 2124 1100 2191 nati.

195 2221 297 2296 Quam
343 2224 384 2288 ob
422 2246 548 2289 oausam
582 2223 737 2288 Datames
780 2225 919 2309 primum
958 2226 1101 2310 experiri

194 2328 310 2409 voluit,
343 2334 379 2393 ut
412 2330 479 2392 sine
513 2328 608 2392 armis
637 2327 851 2412 propinquum
885 2328 927 2392 ad
958 2326 1101 2394 offioium

193 2429 372 2496 reduceret.
405 2430 459 2494 Ad
475 2452 571 2515 quem
594 2451 665 2494 oum
680 2431 821 2495 venisset
842 2431 910 2495 sine
925 2432 1099 2517 praesidio,

195 2535 282 2620 quod
311 2535 350 2598 ab
380 2535 480 2598 amioo
504 2534 606 2597 nullas
629 2538 794 2597 vereretur
816 2532 963 2617 insidias,
993 2555 1099 2620 paens

194 2639 330 2703 interiit:
352 2661 428 2704 nam
450 2639 559 2724 Thuys
583 2659 656 2701 eum
678 2637 760 2700 olam
781 2637 960 2703 interficere
984 2638 1099 2704 voluit.

165 2762 178 2799 4
194 2741 272 2805 Erat
287 2746 389 2805 mater
407 2762 478 2805 eum
493 2742 640 2823 Datame,
664 2741 761 2804 amita
775 2741 1000 2827 Paphlagonis.
1038 2742 1098 2826 Ea,

166 2846 272 2931 aquid
294 2852 451 2930 ageretur,
474 2846 582 2910 resciit
596 2845 758 2928 filiumque
775 2845 907 2909 monuit.
936 2845 997 2910 Ille
1020 2846 1099 2929 fuga

194 2950 371 3035 perieulum
394 2949 525 3013 evitavit
545 2948 728 3031 bellumque
750 2946 867 3010 indixit
880 2948 1017 3032 Thuyni.
1057 2951 1099 3015 In

161 3134 164 3139 .
195 3074 257 3138 qno
288 3075 361 3118 oum
389 3053 429 3116 ab
456 3051 690 3132 Ariobarzane,
719 3048 882 3134 praefecto
911 3048 1033 3136 Lydiae
1065 3060 1099 3118 et

193 3156 305 3220 Ioniae
327 3156 487 3240 totiusque
508 3153 688 3238 Phrygiae,
713 3151 856 3216 desertus
880 3158 973 3236 esset,
995 3154 1097 3220 nihilo

195 3260 322 3342 segnius
343 3257 559 3343 perseveravit
581 3256 752 3340 vivumque
775 3254 891 3338 Thuyn
917 3257 1002 3340 oepit
1024 3279 1098 3323 oum

193 3382 296 3428 uxore
320 3367 353 3425 et
374 3360 491 3425 liberis.
