2400 3848
431 226 512 267 xvim
532 224 674 266 numana.
693 226 712 264 s.
973 219 1024 281 '97

120 377 304 460 magnisque
342 376 624 460 pollicitationibus
660 374 856 460 persuadere
887 372 1024 437 Eumeni

119 479 251 560 studuit,
274 485 310 542 ut
325 480 512 545 Perdiccam
529 479 693 544 desereret
715 500 752 544 ao
774 500 883 543 secum
905 477 1025 541 faceret

119 585 318 648 societatem.
363 583 445 649 Oum
480 584 657 669 perducere
695 606 769 649 eum
805 604 872 647 non
904 588 1057 666 posset,⁵

120 687 296 751 interficere
320 694 451 753 conatus
475 693 537 770 est;
567 693 599 752 et
621 689 759 769 fecisset,
780 687 842 751 nisi
863 686 918 751 ille
942 686 1024 749 clam

120 797 216 854 noctu
239 813 281 856 ex
302 793 469 877 praesidiis
493 796 561 858 eius
585 794 759 877 effugisset.

183 893 244 958 Ill.
273 895 407 960 [nterim
430 897 567 961 conflata
588 903 661 960 sunt
682 896 738 959 illa
759 896 853 975 bella,
879 915 959 980 quae
983 893 1024 958 ad
1047 914 1058 953 1

117 999 370 1064 internecionem
392 1006 466 1085 post
479 999 658 1064 Alexandri
672 1006 811 1063 mortem
833 1004 924 1082 gesta
941 1003 1025 1081 sunt,

119 1122 294 1186 omnesque
318 1109 547 1168 concurrerunt
570 1103 611 1167 ad
631 1102 819 1168 Perdiccam
843 1101 1024 1186 opprimen-

120 1205 204 1269 dum.
252 1206 355 1279 Quem
385 1206 445 1270 etsi
466 1206 626 1270 infirmum
648 1206 794 1285 videbat,
827 1205 914 1289 quod
942 1226 1024 1269 unus

120 1310 265 1374 omnibus
287 1311 435 1375 resistere
459 1311 644 1394 cogebatur,
670 1316 779 1373 tamen
800 1309 937 1372 amioum
959 1329 1024 1372 non

120 1412 260 1477 deseruit
288 1435 392 1498 neque
423 1414 532 1478 salutis
561 1435 656 1499 quam
683 1412 759 1477 fidei
787 1411 846 1475 fuit
868 1410 1023 1496 cupidior.

117 1515 323 1580 Praefeecrat
348 1517 433 1581 hunc
454 1518 624 1582 Perdiccas
647 1517 678 1581 ei
699 1517 780 1602 parti
802 1515 910 1597 Asiae,
942 1537 1023 1601 quae
1047 1532 1059 1585 2

117 1621 201 1684 inter
216 1620 355 1684 Taurum
377 1627 521 1685 montem
543 1622 626 1686 iacet
648 1626 743 1706 atque
764 1620 1021 1705 Hellespontum,

117 1728 151 1787 et
172 1724 263 1786 illum
284 1745 383 1788 unum
407 1729 601 1808 opposuerat
616 1724 794 1808 Europaeis
817 1723 1021 1788 adversariis:

116 1828 184 1913 ipse
199 1827 387 1913 Aegyptum
402 1833 620 1912 oppugnatum
635 1827 788 1891 adversus
800 1827 1022 1891 Ptolemaeum

117 1938 186 1997 erat
200 1933 372 2018 profectus.
408 1932 571 1996 Eumenes
594 1952 667 1994 cum
688 1951 792 2014 neque
813 1951 944 2013 magnas
968 1952 1021 1994 co·
1043 1957 1055 1994 a

115 2035 184 2120 pias
215 2056 319 2120 neque
351 2035 457 2098 firmas
487 2034 638 2117 haberet,
675 2034 762 2119 quod
791 2035 1020 2099 inexercitatae

117 2146 149 2204 at
176 2160 242 2203 non
269 2140 371 2203 multo
402 2145 474 2203 ante
505 2146 596 2202 erant
618 2145 815 2220 contractae,
847 2139 1020 2205 adventare

116 2248 223 2306 autern
240 2242 422 2306 dicerentur
436 2243 747 2328 Hellespontumque
762 2243 911 2307 transisse
927 2243 1020 2307 Anti-

114 2352 207 2429 pater
230 2350 262 2408 et
287 2345 436 2409 Crateros
458 2367 574 2429 magno
608 2367 680 2409 cum
703 2347 846 2410 exercitu
868 2347 1020 2413 Macedo-

114 2468 201 2529 num,
223 2448 283 2510 viri
306 2468 378 2510 cum
395 2448 537 2512 claritate
560 2455 628 2512 turn
650 2470 710 2512 usu
731 2450 807 2513 belli
821 2457 1020 2534 praestantes

116 2549 324 2630 (Macedones
342 2573 420 2615 vero
436 2553 553 2616 milites
577 2574 616 2617 ea
637 2559 706 2616 tum
728 2560 819 2617 erant
841 2555 934 2637 fama,
958 2578 1021 2640 qua
1040 2592 1053 2629 4

114 2674 197 2717 nuno
233 2653 371 2718 Romani
402 2656 562 2719 feruntur:
599 2657 719 2720 etenim
756 2678 882 2742 semper
920 2660 1019 2722 habiti

114 2762 189 2820 sunt
216 2757 397 2839 fortissimi,
429 2759 481 2842 qui
510 2779 634 2822 summa
661 2760 787 2843 imperii
815 2761 1018 2845 potirentur),

115 2858 276 2922 Eumenes
297 2860 515 2943 intellegebat,
539 2863 565 2924 si
588 2863 699 2946 copiae
723 2885 799 2928 suae
816 2871 1018 2947 cognossent,

114 2959 267 3024 adversus
290 2982 370 3045 quos
394 2962 594 3046 ducerentur,
617 2986 682 3028 non
703 2966 801 3029 modo
822 2986 888 3030 non
909 2968 1018 3049 ituras,

113 3062 172 3126 sed
194 3064 287 3126 simul
310 3085 382 3129 cum
404 3067 515 3129 nuntio
540 3067 724 3151 dilapsuras.
767 3067 879 3152 Itaque
901 3068 964 3132 hoc
987 3069 1050 3136 eis

113 3167 216 3233 visum
244 3169 542 3251 prudentissimum,
570 3177 606 3233 ut
635 3171 736 3234 deviis
765 3172 932 3236 itineribus
957 3176 1016 3238 mi·

113 3271 187 3334 lites
213 3271 362 3349 duceret,
392 3272 425 3334 in
454 3271 569 3355 quibus
598 3294 676 3337 vera
706 3274 817 3338 audire
849 3297 913 3340 non
944 3298 1018 3362 pos·

114 3380 201 3455 sent,
230 3374 322 3438 otiis
350 3374 559 3458 persuaderet
579 3395 614 3438 se
637 3382 747 3439 contra
769 3379 925 3460 quosdam
946 3380 1018 3443 bar-

165 3482 284 3523 Oorneltus
297 3483 378 3532 Nepos.
404 3484 445 3523 Ed.
459 3486 477 3524 3.
847 3483 863 3533 6
