2400 3848
440 219 521 291 xuni
540 252 683 293 numurus.
704 255 735 293 12.
972 259 1037 316 Ι105

130 397 269 482 positam
290 418 381 482 spem
395 398 580 464 habuissent
601 401 763 466 victoriae.
801 401 847 466 At
865 401 1036 485 Eumenes,
1059 430 1071 468 a

130 521 205 566 cum
242 501 360 565 diutius
397 503 430 565 in
463 503 573 567 vinclis
608 510 708 586 esset,
746 505 790 569 ait
822 504 1036 588 Onomarcho,

84 692 87 701 Ι
131 626 232 690 penes
259 627 356 690 quem
386 628 510 670 summa
542 615 611 672 erat
642 610 823 693 custodiae,
855 631 890 674 se
918 610 1037 692 mirari,

132 729 231 793 quare
270 710 352 774 iam>
374 711 504 775 tertium
544 711 628 776 diem
668 714 713 777 sic
751 719 934 779 teneretur:
971 733 1038 777 non

132 812 218 876 enim
240 813 303 877 hoc
326 815 498 879 convenire
521 814 677 900 Antigoni
698 818 903 902 prudentiae,
934 823 970 880 ut
992 817 1037 881 sic

133 915 320 981 deuteretur
347 919 450 1000 viet03
480 920 556 1004 quin
584 927 639 984 aut
667 922 801 986 interfici
830 927 885 985 aut
906 921 1037 984 missum

131 1017 201 1083 fieri
222 1019 355 1085 iuberet.
395 1020 459 1084 Hic
482 1043 555 1086 cum
570 1023 708 1088 ferocius
724 1024 926 1088 Onomarcho
949 1024 1037 1107 loqui
1058 1052 1071 1088 4

131 1121 311 1206 rideretur,
344 1123 453 1208 ‚quior
482 1122 528 1189 tu‘
550 1126 653 1210 inquit
682 1130 797 1210 ,animo
821 1129 847 1191 si
869 1127 931 1191 istc
957 1148 1036 1205 eras,

132 1246 189 1291 cur
224 1247 291 1291 non
326 1227 360 1290 in
394 1228 518 1311 proelio
557 1227 700 1293 cecidisti
732 1231 838 1314 potius
873 1249 968 1313 quam
1004 1229 1037 1291 in

132 1334 324 1413 potestatem
365 1330 485 1396 inimici
527 1332 690 1397 venirest‘
748 1331 833 1395 Huic
859 1331 1071 1396 'Eumenesc

132 1437 263 1522 ,utinam
297 1439 426 1524 quidem
455 1440 542 1505 istud
574 1440 753 1506 evenisset!
799 1439 864 1504 Sed
898 1459 937 1503 eo
970 1459 1037 1505 non

132 1547 263 1629 accidit,
293 1547 379 1632 quod
400 1569 574 1632 numquam
604 1568 676 1612 curn
697 1549 830 1614 fortiore
859 1569 929 1612 sum
961 1569 1036 1612 con·

132 1669 275 1734 gressus:
303 1671 368 1714 non
397 1652 482 1716 enim
511 1673 583 1715 cum
612 1672 773 1736 quoquam
796 1673 884 1716 arms
907 1653 1037 1735 contuli,

132 1753 210 1838 quin
238 1753 265 1816 is
296 1754 374 1817 mihi
404 1752 626 1820 succubuerit‘
669 1756 783 1840 Neque
814 1754 848 1818 id
879 1759 948 1817 erat
978 1754 1036 1817 fal-

133 1877 220 1921 sum:
251 1859 424 1923 nonenim
446 1859 564 1924 virtute
586 1860 743 1942 hostium,
772 1859 831 1924 sed
862 1858 1037 1921 amicorum

132 1961 267 2047 perfidia
290 1962 418 2027 decidit.
936 1982 939 1986 ·

198 2065 275 2129 ΧΠ.
305 2066 356 2130 De
379 2066 441 2130 hoc
455 2065 637 2149 Antigonus
653 2086 726 2129 cum
741 2066 829 2128 solus
845 2064 1036 2128 constituere
1060 2085 1072 2124 r

132 2189 199 2233 non
229 2169 380 2251 auderet,
418 2170 460 2233 ad
493 2170 660 2234 consilium
692 2156 825 2233 rettulit.
869 2166 933 2230 Hic
966 2187 1038 2229 cum

133 2291 246 2336 omnes
276 2273 379 2357 primo
411 2273 588 2357 perturbati
617 2273 850 2336 admirarentur
878 2290 944 2333 non
975 2270 1038 2332 iam

135 2373 177 2438 de
199 2394 239 2439 eo
263 2381 424 2460 sumptum
440 2397 510 2440 esse
524 2376 723 2461 supplicium,
747 2396 767 2438 a
789 2394 850 2458 quo
874 2379 923 2437 tot
939 2393 1039 2436 annos

134 2475 218 2540 adeo
242 2483 349 2542 essent
370 2478 454 2543 male
476 2480 585 2561 habiti,
609 2485 645 2543 ut
666 2500 762 2563 saepe
785 2478 827 2542 ad
843 2477 1039 2562 desperatio·
1073 2521 1078 2531 .

134 2600 210 2644 nem
231 2579 338 2646 forent
352 2581 492 2665 adducti,
515 2583 632 2668 quique
648 2583 805 2646 maximos
822 2580 919 2644 duces
941 2580 1038 2643 inter-

134 2681 280 2764 fecisset,
310 2683 446 2769 deniquc
476 2687 508 2749 in
539 2706 601 2771 quo
631 2705 695 2749 uno
718 2690 842 2748 tantum
865 2687 966 2764 esset,
994 2687 1039 2764 ut,
1062 2705 1075 2744 r

134 2786 243 2871 quoad
264 2788 318 2851 ille
343 2789 478 2871 viveret,
506 2789 567 2873 ipsi
590 2788 691 2852 securi
724 2807 792 2851 esse
813 2806 877 2849 non
899 2789 1041 2868 possent,

135 2887 305 2954 interfecto
328 2890 406 2954 nihil
421 2891 560 2955 habituri
582 2892 705 2975 negotii
728 2895 844 2970 essent,
866 2893 1040 2973 postremo,

136 2992 164 3054 si
177 2991 227 3055 illi
239 2991 392 3058 redderet
408 2995 555 3076 salutem,
578 2994 783 3078 quaerebant,
806 2990 919 3076 quibus
934 2988 1041 3051 amicis

137 3100 224 3160 esset
243 3115 372 3159 usurus:
395 3116 466 3161 sese
490 3097 575 3160 enim
598 3116 669 3159 cum
692 3095 836 3158 Eumene
859 3090 946 3176 apud
968 3109 1040 3153 eum

137 3215 203 3270 non
224 3197 356 3261 futuros.
394 3197 603 3281 Hiecognita
616 3196 739 3259 consilii
753 3194 917 3257 voluntate
933 3196 1041 3255 tamen
1062 3222 1075 3260 a

137 3319 238 3384 usque
261 3298 303 3363 ad
318 3301 488 3386 septimum
505 3301 590 3365 diem
606 3298 804 3364 deliberandi
827 3297 886 3360 sibi
905 3294 1040 3379 spatium

137 3401 274 3487 reliquit.
325 3401 407 3465 Tum
435 3409 559 3484 autem,
592 3422 663 3464 cum
693 3401 758 3463 iam
789 3404 968 3479 vereretur,
999 3417 1040 3460 ne
