2400 3848
184 219 221 278 10
460 216 491 255 11.
510 213 735 254 Tflnrsssnoomts.
756 214 773 252 1.
787 215 806 253 2.
850 246 851 261 ,

610 398 655 463 Π.

444 521 826 598 THEMISTOOLES.

146 697 159 739 1
245 676 272 741 I.
292 675 619 755 'Themistdclem
642 674 789 740 Nedcli
810 675 942 757 filius,
964 673 1085 738 Athe-

181 781 362 847 niensis.
389 774 392 780 ’
417 779 523 843 Huius
557 779 636 844 vitia
672 777 810 841 ineuntis
848 777 1085 842 adulescentiae

142 963 152 971 „
181 886 304 968 magnis
327 889 400 947 sunt
423 881 594 948 emendata
614 882 799 964 virtutibus,
827 881 908 947 adec
938 888 974 945 ut
995 887 1084 947 ante-

180 988 300 1052 feratur
320 987 394 1050 huic
408 1007 515 1069 nemo,
538 987 632 1071 pauci
653 1007 748 1072 pares
762 991 924 1071 putentur.
958 985 1023 1050 Sed
1045 985 1085 1048 ab

180 1091 270 1154 initio
295 1095 344 1154 est
366 1089 567 1154 ordiendum.
612 1089 709 1154 Pater
736 1090 803 1153 eius
825 1089 964 1154 Neocles
985 1109 1084 1172 gene·

147 1224 159 1262 2
179 1216 271 1260 rosus
292 1194 360 1258 fuit.
398 1193 431 1258 Is
446 1195 583 1258 uxorem
596 1193 851 1261 Halicarnasiam
866 1193 968 1258 civem
984 1191 1085 1274 duxit,

180 1319 224 1363 ex
246 1318 309 1383 qua
329 1302 422 1360 natus
445 1301 494 1362 est
514 1297 755 1363 Themistocles.
802 1297 959 1372 Quicum
981 1298 1084 1360 minus

180 1406 265 1466 esset
287 1401 440 1485 probatus
461 1400 656 1485 parentibus,
679 1401 766 1486 quod
789 1407 823 1466 et
842 1401 974 1466 liberius
996 1403 1084 1466 vive·

180 1507 236 1570 bat
264 1511 298 1569 et
324 1526 394 1570 rem
415 1504 603 1569 familiarem
625 1504 835 1589 neglegebat,
867 1526 888 1568 a
917 1510 1005 1589 patre
1029 1525 1085 1569 ex·

146 1642 159 1680 ³
181 1607 353 1673 heredatus
377 1613 435 1671 est.
480 1607 569 1682 Quae
587 1609 780 1673 contumelia
800 1630 868 1672 non
887 1609 984 1692 fregit
1001 1629 1086 1691 eum,

182 1711 240 1776 sed
270 1711 384 1775 erexit.
434 1711 518 1775 Nam
551 1732 623 1775 cum
654 1711 826 1776 iudicasset
858 1711 926 1776 sine
963 1731 1087 1775 summa

181 1813 337 1878 industria
372 1834 438 1877 non
468 1834 564 1897 posse
596 1834 668 1877 eam
702 1814 878 1898 exstingui,
915 1820 1020 1878 totum
1052 1835 1086 1878 se

183 1915 307 1982 dedidit
337 1916 532 2000 reipublicae
566 1917 750 2001 diligentius
780 1920 888 1983 amicis
919 1919 1086 2004 famaeque

182 2021 334 2086 serviens.
379 2020 517 2083 Multum
537 2019 570 2084 in
593 2020 717 2085 iudiciis
738 2022 869 2107 privatis
891 2023 1087 2104 versabatur,

183 2146 279 2209 saepe
308 2125 342 2188 in
371 2124 555 2188 contionem
582 2125 695 2209 populi
725 2126 890 2210 prodibat,
918 2127 1007 2190 nulla
1035 2148 1087 2191 res

183 2231 284 2294 maior
314 2231 382 2293 sine
413 2250 453 2294 ac
482 2229 671 2313 gerebatur,
704 2230 866 2311 celeriter,
897 2251 977 2314 quae
1009 2250 1087 2313 opus

184 2339 284 2414 erant,
306 2332 498 2416 reperiebat,
524 2332 617 2396 facile
641 2331 756 2396 eadem
780 2332 923 2397 oratione
947 2333 1088 2416 expliea-

149 2438 248 2505 ibat.
292 2437 406 2521 Neque
428 2437 532 2500 minus
560 2436 592 2500 in
619 2436 715 2500 rebus
743 2436 893 2520 gerendis
920 2444 1088 2522 promptus

184 2563 279 2627 quam
302 2539 524 2624 excogitandis
546 2545 631 2622 erat,
661 2540 748 2625 quod
771 2545 804 2604 et
826 2539 866 2604 de
888 2541 1088 2622 instantibus,

183 2651 219 2708 ut
242 2646 286 2708 ait
306 2642 528 2728 Thucydides,
551 2642 715 2707 verissime
737 2642 898 2707 iudicabat
920 2648 953 2706 et
976 2642 1016 2706 de
1039 2643 1088 2706 fu-

183 2747 262 2809 turis
282 2745 483 2810 callidissima
506 2745 692 2810 coniciebat.
739 2744 810 2819 Quo
832 2745 951 2809 factum
973 2751 1031 2829 est,
1053 2751 1090 2809 ut

184 2849 275 2914 brevi
296 2856 443 2935 tempore
466 2850 686 2914 illustraretur.

151 2983 162 3020 1
249 2952 293 3016 H.
322 2953 449 3016 Primus
465 2961 572 3017 autem
586 2953 705 3036 gradus
727 2954 787 3017 fuit
809 2953 1023 3037 capessendae
1042 2955 1091 3019 rei

185 3056 331 3140 publicae
362 3056 449 3121 bello
482 3055 681 3141 Corcyraeo:
718 3056 760 3120 ad
795 3056 882 3142 quod
912 3056 1090 3142 gerendum

184 3164 315 3243 praetor
331 3180 350 3222 a
364 3160 484 3244 populo
500 3159 602 3224 factrus
616 3182 683 3225 non
698 3162 802 3225 solum
816 3163 979 3247 praesenti
993 3161 1090 3245 bellc,

144 3269 146 3273 ’
185 3261 245 3326 sed
275 3261 372 3325 etiam
400 3262 523 3347 reliquo
552 3269 699 3348 tempore
728 3265 920 3331 ferociorem
949 3264 1091 3330 reddidit

152 3365 358 3430 scivitatem.
402 3367 486 3430 Nam
515 3387 587 3429 cum
608 3369 744 3452 pecunia
764 3369 908 3454 publica,
938 3389 1019 3454 quae
1049 3388 1091 3431 ex
